3184 4842
149 220 210 279 Leo
219 217 302 305 Xlll.
314 216 478 277 abbatibus
488 225 621 277 maeel.
632 219 697 276 ord.
708 236 730 275 s.
741 214 855 276 Bened.
866 221 902 274 in
911 220 1048 285 dustria
1060 216 1109 275 30.
1119 216 1191 275 Dec.
1200 218 1284 276 1888.
1322 201 1388 272 429

145 394 289 463 iuuenilis
311 394 425 461 aetatis
445 392 651 472 institutione,
670 390 702 458 in
719 392 858 458 scientiis
873 390 1076 476 provehendis
1093 411 1194 458 rerum
1213 393 1388 463 diuinarum

146 502 178 567 et
198 500 422 578 bumanamm,
458 497 610 564 cernimus
642 496 736 563 simul
767 496 846 562 illud
874 495 1040 563 desiderari
1064 496 1144 580 quod
1167 498 1205 563 ad
1228 500 1389 584 augendas

146 602 339 689 singulorum
361 604 393 669 et
416 602 625 669 uniuersorum
650 601 729 668 vires
759 600 929 684 plurimum
956 600 1091 680 cculert,
1117 586 1228 687 nempe
1256 606 1292 671 ut
1318 604 1387 672 blo-

147 708 281 774 nasteria
302 707 438 773 eiusdem
462 705 596 791 regionis
618 704 735 772 sociata
756 705 821 785 sint
836 706 991 771 communi
1009 705 1130 772 sinemo
1145 706 1236 773 unius
1251 706 1388 794 Ocngre-

146 812 290 897 gationis,
314 830 391 898 quae
414 829 450 875 ea
472 828 528 875 suo
551 808 709 893 complexu
732 809 899 875 contineat.
928 808 1025 893 dtqnd
1046 809 1198 878 eiusmodi
1213 813 1388 881 coniunctio

145 934 264 1000 semper
283 914 393 981 babita
415 914 463 980 est
484 912 677 979 tutissimum
697 914 889 979 monasticae
908 912 991 978 ritae
1012 912 1262 996 firmamentum,
1291 935 1387 1001 enque

146 1020 265 1088 fructus
288 1020 392 1104 gignit
414 1018 584 1085 uberrimos
606 1018 637 1081 iu
662 1016 732 1083 aliis
754 1016 879 1083 Ordinis
902 1016 1116 1097 blonasteriis,
1146 1037 1226 1103 quae
1254 1021 1287 1086 in
1310 1020 1386 1088 Oar-

146 1125 258 1203 mania,
282 1126 313 1189 in
334 1122 507 1207 Hungaria,
529 1123 560 1187 in
582 1121 708 1207 Anglia,
731 1121 886 1203 initalia,
911 1120 942 1187 in
966 1121 1112 1188 Heluetia
1134 1125 1166 1190 et
1185 1108 1217 1189 in
1232 1126 1387 1192 transma-

147 1230 221 1295 rinis
244 1228 419 1312 regionibus
442 1226 504 1293 sita
525 1228 607 1291 sunt.
639 1224 758 1291 Scitum
782 1228 968 1305 astantem,
991 1225 1126 1292 familias
1141 1227 1245 1311 plures
1259 1228 1290 1295 iu
1307 1228 1387 1297 con-

146 1332 359 1418 gregationem
382 1350 441 1397 non
463 1348 551 1415 posse
574 1329 743 1396 coalescere
766 1330 824 1395 nisi
846 1330 1083 1415 paneademque
1101 1330 1132 1395 in
1148 1325 1387 1400 omnibuseitae

145 1436 311 1521 disciplina
331 1439 480 1502 seruetur.
515 1434 724 1518 Quamobrem
744 1436 783 1500 ut
801 1434 884 1500 istuc
905 1452 996 1500 curas
1014 1434 1142 1514 uestras,
1164 1434 1383 1517 Dilectililii,

146 1542 313 1607 Nobiscum
335 1539 505 1605 interndutis
530 1556 687 1605 necessum
711 1556 777 1605 esse
803 1556 938 1623 morsus,
958 1538 1072 1605 nodum
1094 1556 1386 1627 magnopereerpe-

145 1646 221 1725 dire,
245 1660 413 1712 censemus.
453 1644 599 1710 Vestrum
628 1642 710 1711 euim
738 1646 786 1709 est
814 1662 889 1727 pme
919 1642 1030 1709 osteum
1059 1643 1141 1709 nam
1170 1647 1202 1713 et
1232 1645 1385 1713 rationem

144 1764 326 1835 agnoscere,
356 1766 418 1833 qua
450 1746 621 1815 communis
643 1748 809 1833 disciplina
828 1748 860 1813 iu
878 1746 1003 1832 singula
1027 1748 1173 1815 anniae
1195 1748 1386 1817 Menantesia

144 1854 242 1939 possit
262 1852 376 1933 induci,
400 1854 510 1937 quippe
535 1852 724 1937 experientia
746 1852 848 1919 edocti
867 1849 945 1935 qnid
962 1870 1013 1917 res
1031 1855 1064 1917 et
1077 1854 1203 1937 tempus
1218 1855 1384 1939 postuhut,

143 1958 260 2042 optime
281 1956 456 2042 perspicitis
479 1956 629 2041 quomodo
651 1960 760 2023 saneta
782 1954 907 2023 Ordinis
929 1956 1039 2041 regula
1061 1956 1197 2023 locorum
1212 1977 1250 2024 ac
1263 1961 1383 2044 tempo·

143 2082 212 2129 rum
235 2061 404 2127 conditioni
427 2062 633 2144 adtemperari
655 2062 770 2141 voleat,
793 2061 867 2145 quin
889 2060 930 2125 de
951 2060 1037 2126 illius
1058 2063 1172 2128 natura
1194 2064 1228 2128 et
1248 2062 1279 2130 ri
1293 2063 1385 2149 quid·

142 2167 231 2251 mam
250 2166 444 2233 detrabatur.
489 2164 553 2231 Nos
584 2167 688 2231 autem
718 2165 874 2233 malumus
904 2164 1091 2231 enectine
1117 2166 1234 2233 Nostra
1256 2169 1385 2251 probare

143 2270 397 2355 quotoptimum
420 2270 690 2352 lactoprudentin
713 2273 818 2337 uestra
847 2268 1016 2351 censuerit,
1048 2288 1141 2354 quam
1172 2270 1253 2356 quod
1286 2272 1385 2339 Nobis

144 2376 294 2459 placuerit
317 2392 370 2459 pro
392 2376 546 2458 potestate
567 2375 740 2441 decernere
791 2372 967 2441 Statuimus
995 2374 1102 2458 itaque
1137 2377 1173 2441 ut
1203 2375 1385 2462 singultat

143 2480 277 2550 uniuersi
310 2478 450 2545 Abbatss
482 2496 518 2543 sc
550 2478 672 2545 Priores
708 2478 965 2545 blonasteriornm
998 2476 1126 2545 Ordinis
1152 2478 1183 2545 S.
1213 2480 1383 2562 Benedicti,

142 2602 222 2668 quae
244 2584 277 2649 in
300 2584 429 2648 Austris
447 2584 538 2661 sunt,
561 2600 727 2667 eorumque
752 2582 867 2649 vicarii
889 2582 1106 2668 Salieburgum
1128 2584 1314 2651 conueniant
1334 2585 1385 2652 die

142 2686 194 2755 28.
217 2686 325 2754 Martii
347 2706 426 2753 anno
450 2687 534 2753 1889
556 2686 687 2771 aliisque
710 2688 750 2753 ab
772 2705 808 2753 eo
831 2686 970 2754 dicendis
994 2706 1085 2772 quem
1109 2690 1273 2755 muueului
1295 2708 1384 2775 prae-

140 2792 241 2858 sidem
263 2790 524 2870 constituerimus,
552 2793 587 2856 nt
610 2791 732 2858 collatis
753 2791 889 2858 consiliis
911 2790 1166 2859 deliberationem
1189 2791 1326 2861 babeant
1346 2794 1385 2861 de

142 2896 441 2982 Oougregationibus
464 2894 673 2976 instituendis,
697 2896 796 2981 deque
814 2897 901 2963 nouis
917 2896 1082 2963 condendis
1098 2897 1384 2977 comtitulionibus,

140 3001 228 3086 queis
250 3000 354 3066 omnia
376 3002 524 3087 regantur
543 2998 692 3066 Austriae
714 2999 920 3078 dissenteria,
950 3002 1043 3084 atque
1064 3019 1171 3067 earnm
1189 3000 1323 3068 formam
1343 3002 1384 3067 ad

142 3104 206 3173 Nos
243 3105 462 3171 transmittent
497 3104 623 3171 maioris
660 3104 758 3188 partis
795 3103 974 3169 coeuntium
1012 3104 1170 3189 suffiagiis
1210 3104 1383 3189 probatam.

140 3208 244 3293 Quum
267 3227 338 3275 uero
360 3226 397 3275 ea
419 3208 545 3293 scriptio
567 3207 643 3273 illuc
665 3210 806 3291 spectare
836 3208 950 3275 debeat
977 3209 1015 3275 ut
1040 3208 1142 3293 magis
1167 3208 1330 3295 magisque
1351 3210 1383 3275 in

139 3312 282 3380 domibus
306 3313 417 3380 restris
438 3312 594 3398 regularis
616 3310 780 3396 disciplina
793 3312 913 3390 floreat,
935 3312 985 3378 rix
1000 3313 1049 3381 ent
1064 3314 1100 3378 ut
1115 3312 1178 3379 Vos
1192 3331 1382 3394 moneamus,

139 3417 387 3483 lucubrationem
410 3419 544 3483 uestram
566 3417 606 3483 iis
625 3416 784 3501 principiis
797 3434 867 3483 esse
880 3416 1118 3497 informandam,
1134 3415 1247 3501 quibus
1261 3417 1384 3503 legilsri

140 3522 245 3588 Patris
266 3520 362 3587 vestm
383 3522 492 3607 regula
514 3522 635 3588 nititur.
666 3520 760 3588 Tales
778 3522 886 3605 itaque
906 3522 999 3588 sunto
1015 3519 1262 3587 Onustitutiones
1275 3540 1382 3604 nouae

139 3628 177 3693 ut
199 3626 362 3711 perfectior
383 3628 477 3711 atque
499 3626 669 3711 expeditior
689 3644 745 3710 per
766 3644 821 3696 eas
846 3625 905 3692 bat
930 3624 1127 3692 observantia
1148 3627 1290 3693 ramnum
1313 3627 1382 3710 qni·

140 3730 200 3796 bus
221 3748 275 3797 uos
298 3729 363 3797 Deo
386 3730 523 3796 devinxit
542 3731 689 3814 religiose
711 3729 869 3814 professio.
898 3729 1057 3815 Imprimis
1075 3749 1171 3814 quum
1185 3730 1267 3796 nibil
1279 3730 1382 3815 magis

139 3834 223 3900 obsit
243 3833 420 3919 paupertati
441 3852 534 3917 qnam
556 3834 668 3919 privati
691 3833 805 3919 peculii
820 3834 954 3901 habendi
970 3833 1114 3914 facultas,
1138 3834 1259 3901 nauiter
1274 3853 1383 3903 oasam

139 3938 279 4022 oportet,
309 3957 346 4004 ue
378 3938 455 4004 baec
485 3937 568 4003 mala
599 3938 683 4004 labes
712 3938 871 4005 domicilia
897 3938 1120 4005 Menaenorum
1141 3937 1270 4006 inliciat.
1316 3938 1382 4006 Nee

138 4042 365 4127 praetereunda
386 4042 520 4127 diligens
538 4040 708 4108 officiorum
729 4040 896 4126 descriptio
914 4061 993 4127 quae
1008 4062 1045 4109 ex
1058 4042 1252 4111 obedieutiae
1266 4042 1382 4111 uirtute

140 4151 285 4226 manant,
318 4166 356 4214 ne
385 4146 488 4233 segnis
515 4146 638 4212 incuria
659 4148 690 4211 in
714 4145 880 4214 leuioribus
901 4146 1015 4215 sensim
1036 4147 1203 4233 adlapsus
1225 4148 1382 4233 grauiores

138 4250 278 4318 inducat.
320 4250 522 4317 Munieudum
556 4252 670 4335 pariter
699 4251 863 4336 praesidiis
892 4252 1036 4318 omnibus
1058 4254 1164 4319 votum
1186 4251 1381 4333 stabilitatis,

139 4355 228 4423 euius
250 4375 306 4440 cpe
328 4355 459 4421 muime
481 4354 602 4421 sodales
630 4355 662 4420 in
685 4374 778 4421 uuam
809 4355 874 4422 ueri
902 4355 1037 4423 nominis
1066 4356 1221 4423 familiam
1245 4358 1383 4429 coeant:

139 4459 267 4545 proinde
290 4478 370 4527 uuus
390 4458 546 4525 devinciat
567 4474 672 4526 omnes
695 4459 851 4526 dammae
872 4459 1013 4527 mutabo
1033 4478 1146 4541 nexus,
1173 4478 1229 4545 par
1250 4460 1294 4529 sit
1313 4478 1382 4527 om·

138 4564 226 4631 aium
249 4563 371 4631 uiuendi
390 4562 563 4651 agendique
583 4564 679 4645 ratio,
699 4564 857 4630 communi
876 4582 983 4631 omnes
1004 4565 1133 4630 utantur
1155 4583 1279 4650 mensa,
1302 4582 1378 4633 ona·
