3184 4842
2634 179 2760 257 '431

1454 623 1609 705 ΧΙ.Ι.

651 762 771 844 Die
826 760 1272 846 biscbliflicbe
1322 763 1713 845 Auctoriiflt
1765 761 1899 843 und
1953 762 2064 844 die
2116 760 2395 845 Presse.

348 915 353 921 Ι
398 955 629 1021 Leonis
676 952 807 1020 PP.
863 953 1074 1020 XIII.
1122 954 1416 1037 Epistola
1464 954 1551 1020 ad
1595 953 2157 1037 Archiepiscopum
2205 954 2649 1045 Turonensem.
2717 1041 2722 1047 ι

447 1093 835 1159 Venerabilis
876 1094 1109 1174 Frater,
1157 1092 1436 1163 Salutem
1485 1096 1548 1160 et
1596 1094 2015 1180 Apostolicam
2066 1093 2587 1163 Benedictionem.

491 1232 600 1299 Est
660 1250 806 1298 sane
859 1233 1190 1300 molestum
1233 1236 1300 1299 et
1335 1252 1562 1319 grave,
1626 1233 1921 1300 adbibere
1966 1234 2238 1301 severius
2280 1252 2420 1314 eos,
2479 1236 2586 1320 qui
2632 1235 2765 1301 loco

280 1338 547 1404 filiorum
591 1336 972 1424 diligantur:
1030 1338 1092 1402 id
1146 1340 1354 1404 tamen
1412 1339 1509 1406 vel
1570 1338 1751 1406 inviti
1807 1338 2170 1423 quandoque
2219 1339 2457 1405 faciant
2497 1342 2761 1423 oportet,

278 1443 383 1525 qui
448 1442 710 1508 aliorum
765 1440 1032 1508 salutem
1100 1459 1423 1526 procurare
1483 1461 1556 1509 ac
1614 1443 1777 1509 tueri
1842 1445 2055 1508 sancte
2107 1443 2353 1510 debent.
2445 1444 2790 1528 Multoque

277 1546 626 1638 severitatis
667 1549 818 1611 tunc
857 1550 958 1612 est
1002 1547 1333 1612 necessitas
1377 1548 1605 1626 maior,
1668 1566 1809 1612 cum
1872 1566 1988 1612 non
2050 1548 2185 1613 sine
2230 1565 2419 1614 cansa
2460 1549 2766 1615 metuitur

278 1668 355 1715 ne
400 1653 466 1715 et
508 1650 792 1735 graviora
836 1650 993 1717 fiant
1037 1651 1420 1717 incommoda
1464 1650 1861 1733 productione
1918 1651 2245 1734 temporis,
2304 1655 2372 1717 et
2428 1651 2620 1718 latius
2681 1653 2761 1718 ad

276 1753 671 1821 offensionem
711 1756 1009 1821 bonorum
1052 1754 1269 1822 fluant.
1324 1791 1396 1801 -—
1446 1754 1629 1821 Tales
1675 1758 1741 1821 te
1767 1773 1986 1821 causae
2021 1754 2323 1835 videntur,
2374 1757 2762 1824 Venerabilis

278 1857 516 1938 Frater,
562 1879 754 1944 nuper
799 1860 1152 1944 impulisse,
1202 1862 1275 1925 ut
1316 1878 1426 1944 pro
1469 1860 1779 1943 potestate
1824 1860 1886 1924 in
1933 1860 2234 1943 scriptum
2277 1860 2584 1944 quoddam
2631 1861 2764 1926 ani-

279 1962 710 2041 madverteres,
756 1982 904 2029 saue
948 1961 1538 2047 reprehendendum,
1581 1965 1741 2049 quod
1782 1966 1945 2030 esset
1976 1964 2038 2029 in
2072 1982 2311 2032 sacram
2342 1966 2763 2049 episcoporum

276 2068 713 2134 auctoritatem
761 2068 1159 2146 iniuriosum,
1225 2086 1421 2152 neque
1483 2086 1673 2133 unum
1735 2068 2000 2153 aliquem
2050 2088 2119 2134 ex
2161 2069 2253 2135 eis
2296 2072 2606 2154 carperet,
2654 2070 2761 2136 sed

278 2172 613 2255 plurimos:
680 2191 941 2256 quorum
1009 2172 1236 2256 agendi
1308 2173 1683 2256 regendique
1754 2172 1914 2238 ratio
1968 2173 2058 2237 sic
2104 2174 2237 2239 crat
2277 2174 2404 2239 acri
2449 2172 2760 2258 descripta

275 2275 422 2342 stilo
465 2279 531 2343 et
574 2282 758 2360 prope
804 2278 866 2342 in
913 2276 1208 2343 iudicium
1251 2279 1504 2357 vocata,
1552 2276 1729 2361 quasi
1769 2277 2054 2342 maximis
2097 2279 2451 2362 sanctisque
2492 2279 2762 2345 muueri-

279 2381 390 2447 bus
434 2379 795 2448 defuissent.
846 2418 926 2431 -—
977 2381 1256 2448 Profecto
1305 2400 1424 2448 non
1470 2383 1567 2447 est
1610 2382 1738 2448 ullo
1785 2381 1961 2447 modo
2001 2380 2319 2476 ferendum
2343 2429 2359 2459 ,
2414 2382 2603 2449 laicos
2650 2384 2762 2449 ho-

277 2486 502 2565 miues,
572 2486 943 2569 professione
1009 2488 1383 2564 catholicoS,
1455 2487 1656 2570 palam
1720 2487 1782 2551 in
1841 2486 2177 2552 ‹liar-iorum
2227 2486 2470 2571 paginis
2512 2488 2760 2552 tantum

273 2590 391 2655 sibi
437 2607 743 2675 arrogare,
791 2595 863 2657 ut
913 2592 1096 2659 licere
1136 2594 1358 2676 putent
1397 2596 1463 2658 et
1500 2590 1897 2670 contendant,
1946 2590 2022 2657 de
2052 2590 2327 2675 personis
2355 2590 2760 2676 quibuslibet,

274 2713 394 2760 non
449 2696 717 2780 exceptis
769 2696 1105 2780 episcopis,
1170 2697 1521 2776 liberrime,
1582 2697 1766 2779 prout
1824 2696 2027 2763 visum
2085 2696 2273 2762 fuerit
2295 2744 2313 2776 ,
2376 2695 2650 2763 iudicare
2695 2700 2760 2763 et

271 2798 509 2882 eloqui:
578 2800 645 2864 iu
703 2800 885 2867 rebus
959 2802 1275 2880 omnibus,
1347 2800 1464 2867 nisi
1507 2819 1665 2884 quae
1714 2799 1898 2867 fidem
1944 2799 2216 2866 divinam
2264 2800 2760 2886 attingant„ita

271 2901 502 2968 sentire
548 2903 640 2972 uti
685 2904 897 2985 libeat,
946 2907 1011 2971 et
1055 2925 1164 2971 suo
1204 2925 1509 2991 quemque
1554 2905 1862 2972 arbitratu
1906 2923 2108 2990 agere.
2158 2942 2234 2954 —
2285 2905 2360 2971 In
2407 2905 2523 2973 bac
2567 2924 2759 2972 causa

270 3006 430 3071 nihil
470 3025 601 3073 esse
645 2994 879 3092 potest,
926 3007 1317 3076 Venerabilis
1362 3010 1612 3088 Frater,
1676 3028 1783 3075 cur
1829 3008 1905 3075 de
1952 3010 2302 3077 assensione
2348 3012 2413 3075 et
2458 3009 2759 3095 approba·-

268 3109 438 3176 tionc
482 3111 714 3178 Nostra
759 3098 1023 3180 dubites.
1108 3113 1384 3179 Muneris
1443 3112 1607 3179 enim
1672 3113 1884 3179 Nostri
1909 3113 2201 3179 -maxime
2247 3114 2345 3179 est
2389 3113 2650 3199 vigilare
2693 3117 2758 3180 et

268 3215 503 3281 conniti
523 3266 539 3296 ,
593 3219 668 3281 ut
719 3216 930 3284 diviua
975 3216 1394 3302 episcoporum
1444 3219 1717 3301 potestas
1763 3217 2008 3284 omniuo
2046 3217 2374 3284 incolumis
2420 3219 2606 3305 atque
2656 3219 2756 3286 in-

269 3318 503 3385 violata
545 3322 865 3387 consistat.
948 3321 1249 3387 Nostrum
1296 3322 1389 3387 est
1441 3322 1674 3406 pariter
1730 3322 2032 3407 imperare
2093 3323 2159 3388 et
2218 3321 2489 3404 efficere,
2555 3324 2628 3388 ut
2686 3342 2760 3390 ea

268 3424 497 3507 ubique
543 3424 769 3492 honore
817 3426 1022 3511 vigeat
1067 3445 1196 3505 suo,
1243 3445 1397 3493 neve
1440 3426 1778 3511 quidquam
1825 3446 1864 3493 a
1910 3425 2234 3495 catholicis
2278 3426 2478 3494 iustae
2517 3427 2757 3494 obtem-

270 3527 607 3611 perationis
659 3531 725 3595 et
782 3531 1158 3597 reverentiae
1221 3530 1348 3596 ulla
1405 3534 1465 3596 in
1530 3532 1708 3616 parte
1769 3530 2093 3600 desideret.
2183 3530 2474 3598 Divinum
2532 3532 2758 3620 quippe

268 3631 642 3712 aedificium,
687 3634 847 3717 quod
894 3637 990 3701 est
1033 3633 1364 3715 Ecclesiae,
1416 3635 1732 3704 verissime
1770 3635 2015 3715 nititur,
2061 3637 2382 3722 tamquam
2424 3636 2488 3702 in
2537 3636 2759 3703 funda-

268 3738 479 3804 mento
525 3739 883 3822 conspicuo,
951 3740 1220 3823 primum
1292 3738 1542 3823 quidem
1604 3741 1667 3806 in
1722 3740 1909 3808 Petro
1969 3744 2034 3807 et
2091 3741 2544 3809 successoribus
2605 3742 2758 3823 eius,

268 3841 541 3924 proxime
624 3842 689 3907 in
777 3844 1088 3927 Apostolis
1184 3846 1247 3911 et
1345 3846 1799 3912 successoribus
1889 3846 2326 3931 Apostolorum
2415 3846 2756 3931 episcopis:

265 3964 422 4028 qnos
487 3948 594 4031 qui
660 3946 838 4014 audit
911 3948 1009 4014 vel
1079 3949 1356 4033 speruit,
1437 3949 1492 4015 is
1566 3949 1817 4033 perinde
1887 3949 2066 4016 facit-
2111 3969 2184 4016 ac
2250 3952 2306 4016 si
2377 3949 2595 4017 audiat
2660 3951 2759 4017 vel

266 4050 521 4133 spernat
581 4050 900 4117 Christum
959 4051 1312 4122 Dominum.
1418 4053 1508 4118 Ex
1572 4054 1870 4139 episcopis
1937 4055 2183 4122 constat
2238 4073 2382 4138 pars
2441 4053 2754 4122 Ecclesiae

266 4154 453 4239 louge
520 4156 965 4240 augustissima
985 4204 1001 4235 ,
1067 4175 1226 4240 quae
1292 4156 1583 4223 nimirum
1653 4158 1831 4225 docet
1897 4176 1970 4224 ac
2035 4158 2202 4244 regit
2276 4157 2555 4225 homines
2620 4158 2755 4226 iure

266 4256 517 4325 divino:
594 4259 672 4327 ob
739 4279 999 4344 eamque
1071 4280 1200 4327 rem
1273 4262 1646 4346 quicumque
1717 4263 1807 4329 eis
1879 4262 2166 4341 resistat,
2242 4262 2339 4329 vel
2408 4261 2575 4329 dicto
2643 4281 2752 4328 au·

267 4362 540 4429 dientem
590 4383 723 4430 esse
765 4364 1168 4448 pertinaciter
1212 4368 1486 4446 recuset,
1535 4366 1642 4432 ille
1688 4366 1765 4432 ab
1812 4366 2088 4433 Ecclesia
2133 4367 2381 4452 longius
2426 4365 2659 4435 recedit
2678 4367 2749 4455 ⁸).

480 4573 533 4644 1)
568 4574 776 4631 mah.
808 4573 1019 4641 xvm,
1056 4575 1140 4631 ιτ.
