3184 4842
451 169 583 239 428

1635 710 1763 794 ΧΙ..

512 851 798 962 uincens
847 851 1007 938 fluns
1059 817 1431 940 abbatibus
1487 858 1560 938 et
1612 852 1956 958 prioribus
2010 852 2584 935 monasteriorum
2636 852 2901 934 ordinis

1211 977 1283 1062 ε.
1335 978 1685 1064 &aaaron
1741 978 1806 1058 in
1857 976 2154 1060 Austris

1384 1156 1511 1221 Leo
1557 1152 1633 1222 P.
1664 1152 1737 1219 P.
1791 1150 2000 1219 XIII.
2145 1134 2162 1140 ⁶

732 1284 976 1356 Dilecta·
1017 1286 1196 1366 Filii,
1245 1285 1526 1354 Salutem
1567 1292 1625 1352 et
1669 1285 2096 1366 Apostolicam
2143 1283 2668 1361 Benedictionem.

668 1414 1026 1482 Gratulatio
1070 1415 1380 1482 unanimis
1425 1433 1582 1499 quae
1625 1435 1663 1480 a
1709 1414 1918 1492 Vobis,
1967 1414 2194 1481 Dilecti
2238 1413 2400 1492 Filii,
2446 1414 2514 1479 et
2556 1433 2595 1480 a
2626 1414 2932 1498 religiosis

465 1518 782 1585 sodalibus
824 1519 1046 1604 quibus
1088 1521 1387 1605 praeestis
1433 1520 1628 1587 Nobis
1671 1519 1837 1586 facta
1882 1522 1996 1597 est,
2037 1520 2195 1602 quod
2243 1537 2470 1586 annum
2518 1518 2595 1586 ab
2645 1518 2805 1585 inito
2832 1537 2931 1585 sa-

458 1623 730 1691 cerdotio
774 1624 1351 1710 quinquagesimum
1396 1625 1660 1710 sospites
1702 1624 2196 1709 impleverimus,
2245 1622 2411 1688 haud
2455 1621 2760 1690 mediocre
2808 1624 2932 1690 No-

458 1727 554 1794 bis
599 1728 817 1795 attulit
861 1729 1153 1795 solatium
1196 1731 1263 1795 et
1301 1730 1620 1814 gaudium.
1716 1730 1923 1812 Atque
1964 1747 2037 1795 eo
2080 1728 2408 1794 iucundius
2448 1728 2578 1795 Nos
2618 1728 2835 1795 affecit
2856 1749 2930 1794 ea

456 1833 747 1918 egregiae
791 1834 1134 1900 voluntatis
1171 1833 1564 1920 significatio,
1611 1834 1771 1918 quod
1816 1832 1895 1899 ab
1940 1834 2169 1900 Ordine
2201 1833 2690 1917 proficisceretur
2719 1833 2829 1899 diu
2856 1833 2930 1898 de

458 1938 734 2004 Ecclesia
777 1938 1167 2023 multumque
1209 1940 1464 2006 merito:
1509 1940 1617 2025 qui
1658 1939 1735 2006 ad
1782 1938 2169 2023 expoliendos
2215 1939 2497 2023 gentium
2534 1957 2735 2005 mores
2761 1937 2928 2005 civili

452 2043 633 2109 cultu
699 2045 766 2108 et
827 2043 1239 2111 humanitatis
1304 2045 1545 2111 artibus
1613 2063 1754 2111 cum
1820 2044 2117 2128 religione
2177 2042 2522 2110 coniunctis
2577 2042 2803 2112 utilem
2860 2064 2928 2112 ac

351 2237 354 2242 .
461 2149 879 2231 praestantem
928 2166 1175 2232 operam
1219 2148 1504 2216 contulit.
1561 2150 1769 2231 Quare
1809 2149 2037 2215 amoris
2082 2148 2437 2214 testimonia
2466 2164 2575 2232 per
2603 2148 2727 2215 Vos
2758 2147 2927 2217 exhi·

457 2252 593 2319 bita
637 2255 818 2337 grata
859 2253 1280 2321 recordatione
1324 2254 1769 2338 prosequimur,
1811 2256 1877 2320 et
1921 2254 2109 2338 digna
2139 2252 2531 2336 agnoscimus
2569 2252 2798 2337 quibus
2823 2272 2928 2337 pa·

450 2376 584 2423 rem
650 2357 1058 2442 rependamus
1126 2359 1415 2442 paternae
1484 2358 1768 2425 caritatis
1838 2358 2054 2425 vicem.
2169 2358 2256 2424 ssx
2297 2376 2421 2441 quo
2476 2357 2552 2424 ot
2609 2358 2682 2423 ut
2736 2358 2928 2423 Nobis

450 2461 836 2546 gaudeamus
882 2462 1249 2547 iampridem
1295 2463 1706 2548 cogitationes
1748 2464 2013 2530 Nostrae
2049 2462 2255 2529 'tuisse
2300 2479 2621 2530 conversas
2666 2463 2746 2527 aei
2798 2483 2931 2547 pru·

451 2565 760 2632 vehendas
799 2568 1070 2633 rationes
1100 2566 1350 2633 Ordinis
1381 2567 1607 2647 Vestri,
1652 2567 1959 2651 simulque
1990 2569 2272 2651 optemus
2301 2566 2460 2634 illud
2494 2566 2718 2650 ubique
2754 2587 2927 2651 pune-s

456 2670 579 2737 Vos
618 2670 846 2750 induci,
891 2671 1026 2738 siue
1068 2691 1191 2757 quo
1237 2671 1300 2738 id
1345 2673 1504 2756 quod
1553 2672 1857 2757 gessimus
1902 2671 2246 2756 perfectum
2291 2690 2366 2738 ac
2403 2670 2770 2755 frugiferum
2806 2691 2931 2735 esse

452 2793 576 2842 non
620 2776 841 2859 petest.
911 2776 1126 2843 Nostis
1163 2776 1424 2852 scilicet,
1472 2775 1700 2842 Dilecti
1748 2777 1913 2855 Filii,
1957 2777 2317 2842 restitutum
2365 2795 2407 2842 a
2451 2774 2645 2842 Nobis
2674 2777 2738 2839 iu
2774 2775 2931 2843 Urbe

458 2879 652 2946 fuisse
694 2880 1018 2965 antiquum
1050 2881 1127 2947 -S.
1168 2881 1457 2947 Anselmi-
1505 2882 1872 2966 collegium,
1941 2882 2051 2948 ubi·
2105 2880 2356 2948 Ordinis
2430 2880 2641 2947 Vestri
2702 2879 2931 2947 alumni

452 2985 760 3050 sincerum
808 2985 1129 3052 haurirent
1169 2985 1388 3052 Sancti
1432 2986 1720 3052 Parentis
1763 2988 1859 3051 sui
1898 2986 2207 3069 spiritum,
2250 2988 2320 3051 et
2359 3004 2547 3070 prope
2577 2984 2738 3052 henr:
2778 2987 2935 3051 reri*

453 3088 606 3155 tatis
651 3088 1027 3156 Gathedram
1073 3109 1282 3157 sacras
1328 3090 1687 3174 disciplinas
1733 3091 2115 3157 docerentur.
2185 3090 2448 3157 Proinde
2469 3089 2594 3157 hoc
2626 3108 2782 3171 opus
2818 3111 2935 3153 nnn

453 3192 635 3259 modo
675 3212 748 3262 eo
787 3194 1110 3277 spectabat
1153 3196 1226 3261 ut
1268 3194 1504 3261 solidae
1546 3195 1865 3263 doctrinae
1926 3196 2091 3272 laus,
2163 3214 2291 3279 qua
2346 3194 2569 3261 Vester
2625 3194 2794 3259 Ordo
2860 3199 2935 3259 ab

457 3297 716 3365 exordiis
761 3299 891 3365 suis
934 3298 1068 3364 iure
1112 3299 1430 3384 gloriatur,
1477 3300 1679 3365 eidem
1721 3299 1972 3366 illibata
2014 3300 2327 3375 maneretz
2366 3298 2475 3366 sed
2504 3318 2576 3365 eo
2606 3303 2939 3383 praecipuo

453 3402 528 3467 ut
569 3401 808 3469 alumni
851 3403 1233 3488 perciperent
1273 3404 1520 3488 penitus
1563 3405 1750 3489 atque
1789 3405 2212 3488 incorruptam
2239 3423 2485 3470 servare
2513 3411 2939 3471 assuescerent.

453 3525 593 3573 eam
638 3507 803 3573 vitae
847 3507 1271 3592 disciplinam,
1327 3528 1488 3593 quae
1530 3509 1611 3575 ab
1657 3507 1996 3575 immortali
2038 3508 2287 3576 Ordinis
2329 3507 2658 3575 Conditore
2702 3507 2939 3575 tradita

455 3612 570 3677 est.
657 3611 791 3676 Iam
836 3630 977 3679 vero
1024 3614 1095 3678 ut
1140 3611 1255 3678 hoc
1297 3631 1452 3697 opus
1497 3612 1683 3680 finem
1729 3632 1912 3679 suum
1953 3614 2250 3698 attingat,
2297 3630 2547 3680 neeesse
2574 3615 2674 3679 est
2702 3635 2935 3695 parem,

454 3716 578 3782 imo
623 3714 903 3781 eamdem
946 3715 1011 3782 in
1060 3716 1450 3784 Monasteriis
1493 3717 1783 3784 omnibus
1828 3717 2034 3802 vigere
2078 3716 2496 3801 disciplinam,
2544 3718 2638 3783 ita
2678 3719 2750 3783 ut
2786 3719 2935 3783 nihil

453 3817 522 3884 iu
563 3817 640 3883 iis
686 3817 967 3896 differat,
1015 3819 1174 3886 nihil
1214 3820 1478 3889 intersit.
1568 3820 1757 3888 Secus
1802 3821 2079 3900 alumni,
2124 3840 2279 3906 quos
2321 3821 2509 3887 istinc
2543 3821 2734 3887 etiam
2786 3823 2935 3887 mis-

448 3940 588 3989 sum
637 3923 716 3988 iri
759 3924 1141 4005 confidimus,
1187 3944 1377 4010 quum
1423 3924 1501 3991 ad
1547 3944 1691 3992 suos
1729 3928 1911 3993 erunt
1940 3926 2222 4005 redituri,
2269 3926 2582 3992 diversum
2610 3927 2782 3991 nacti
2814 3927 2939 4011 spi-

451 4027 580 4093 ritu
626 4028 910 4113 vitaeque
955 4047 1150 4114 genus
1196 4049 1317 4096 uon
1359 4049 1424 4096 se
1468 4031 1537 4095 in
1578 4049 1725 4097 suas
1769 4031 1961 4115 recipi
1997 4030 2271 4097 familias
2312 4031 2734 4097 autumabunt
2754 4083 2774 4107 ,
2830 4031 2931 4095 sed

454 4130 825 4197 advenarum
869 4132 1070 4198 instar
1113 4134 1339 4199 versari
1383 4135 1547 4199 inter
1591 4133 2020 4201 alienissimos.
2124 4134 2390 4204 Gravior
2446 4136 2770 4219 praeterea
2814 4135 2939 4199 Nus

455 4237 639 4319 urget
674 4235 868 4315 ratio,
933 4237 1005 4302 ut
1048 4256 1330 4303 curemus
1374 4257 1447 4304 ea
1490 4239 1628 4304 tolli
1673 4239 2063 4319 discrimina,
2124 4257 2283 4323 quae
2346 4237 2628 4305 efficiunt
2682 4259 2758 4303 ne
2810 4239 2935 4303 Mn-

457 4338 724 4404 nasteria
768 4339 990 4406 Vestra
1048 4341 1297 4423 paribus
1357 4344 1654 4426 regantur
1710 4343 2042 4412 institutis.
2134 4343 2297 4409 Nam
2347 4343 2494 4410 dum
2540 4344 2686 4409 aute
2734 4343 2935 4407 oculus

457 4441 660 4522 posita
703 4441 1001 4509 habemus
1047 4445 1204 4510 bona
1248 4446 1482 4523 multa,
1538 4466 1695 4530 quae
1739 4448 1803 4511 in
1855 4448 2185 4513 Austriaco
2229 4447 2497 4532 Imperio
2543 4451 2935 4531 praestantur

460 4559 498 4607 a
543 4542 690 4609 viris
733 4544 1088 4613 lectissimis
1130 4547 1336 4614 Vestri
1382 4547 1634 4618 Ordinis
1689 4551 1755 4616 in
1817 4552 2085 4619 curanda
2148 4551 2501 4619 animarum
2566 4551 2802 4627 salute,
2870 4551 2927 4613 ir:
