3184 4842
401 197 530 267 342

1539 643 1756 739 ΧΧΧΙ.

451 782 647 866 Beer.
699 805 759 867 s.
813 783 1057 895 conpr.
1121 784 1357 885 negot.
1410 782 1586 865 Eeel.
1641 783 2066 866 extraordin.
2123 782 2184 862 d.
2211 782 2275 861 d.
2326 780 2429 904 14.
2483 781 2629 884 Iulii
2679 780 2886 922 1888

410 924 497 989 ad
552 900 812 1007 episcop.
872 923 1277 991 Tarbiensem
1338 924 1415 989 de
1473 924 1706 990 nomin.
1769 926 2051 989 canonic.
2110 922 2270 991 titul.
2331 929 2393 990 ec
2409 873 2761 1001 honorat-‚2
2816 925 2920 990 de

484 1030 778 1111 praeced.
819 1031 1011 1096 vicar.
1058 1028 1371 1113 yeneralis
1413 1034 1542 1093 tam
1589 1029 1685 1093 in
1705 1027 1890 1094 choro
1939 1047 2142 1111 quam
2168 1029 2242 1094 in
2273 1029 2793 1111 processionibus.

410 1151 603 1219 Gard.
638 1149 1003 1233 Rampolla,
1043 1157 1256 1219 secret.
1290 1156 1491 1217 status
1519 1171 1671 1225 suae
1698 1149 1911 1218 Sanct.
1951 1149 2181 1218 Leonis
2215 1150 2428 1218 XIII.
2459 1151 2562 1217 die
2593 1156 2691 1217 19.
2722 1149 2923 1218 Julii

413 1259 591 1340 1688
601 1261 921 1342 sequentes
937 1256 1182 1323 litteras
1197 1255 1285 1323 ad
1298 1256 1652 1348 episcopum
1670 1254 1946 1339 Prosper
1961 1254 2049 1321 M
2045 1276 2184 1323 arte
2200 1254 2607 1332 Tarbienscm
2619 1256 2917 1339 scripsit.

832 1411 1301 1477 »illustrissime
1348 1428 1419 1476 ac
1467 1399 1997 1477 Reverendissime
2040 1410 2320 1488 Domine

628 1533 767 1597 Ad
820 1532 1199 1599 dirimendas
1247 1532 1573 1599 nonnullas
1617 1532 2098 1610 controversiae,
2161 1547 2318 1615 quae
2371 1533 2537 1597 inter
2595 1524 2917 1597 Domina-

415 1633 646 1703 tionem
693 1636 893 1703 Tuam
940 1641 1002 1702 et
1047 1637 1216 1703 istud
1263 1636 1618 1703 cathedrale
1659 1637 2000 1720 capitulum
2033 1639 2280 1703 exortae
2311 1636 2579 1714 fuerunt,
2621 1651 2924 1720 quaeque

414 1761 451 1806 a
481 1740 544 1807 S.
580 1738 1072 1827 Congregatione
1103 1740 1385 1818 Goncilii‚
1430 1742 1524 1806 uti
1559 1742 1778 1819 noscis,
1813 1742 1890 1806 ad
1926 1740 1988 1807 S.
2023 1740 2579 1827 congregationem
2614 1740 2927 1824 Negofflis

415 1844 867 1911 Ecclesiasticis
899 1846 1402 1911 extraordinariis
1432 1842 1824 1929 expediendis
1857 1845 2269 1929 praepositam
2305 1845 2598 1912 remissae
2626 1845 2923 1921 fuerunt,

416 1947 857 2015 Sanctissimus
905 1949 977 2015 D.
1026 1949 1107 2017 N.
1157 1949 1277 2015 Leo
1325 1950 1496 2034 Papa
1540 1948 1761 2028 xm„
1823 1950 2118 2033 quosdam
2183 1950 2367 2034 hujus
2420 1949 2484 2017 8.
2545 1948 2922 2034 Congregu-

413 2052 601 2119 tionis
645 2052 1165 2120 eminentissimos
1210 2054 1429 2119 Patres
1472 2053 1728 2139 adlegit.
1835 2053 1987 2135 Qui,
2053 2072 2123 2119 re
2184 2053 2462 2119 formiter
2508 2053 2804 2119 discuoea·
2832 2071 2923 2119 ac

414 2157 658 2223 mature
702 2176 997 2244 perpensa
1040 2159 1103 2223 in
1150 2158 1417 2225 comitiis
1462 2157 1696 2224 habitis
1740 2159 1841 2223 die
1889 2159 1995 2236 14,
2039 2157 2339 2247 vertentis
2383 2158 2647 2235 mensis,
2690 2155 2923 2225 ‹lewe-

418 2279 557 2328 vere
600 2261 681 2327 ad
727 2262 1127 2329 Tarbiensem
1155 2263 1524 2347 episcopum
1574 2265 1640 2327 et
1685 2262 1934 2328 minime
1954 2262 2054 2328 ad
2100 2262 2442 2347 capitulam
2496 2262 2600 2347 jus
2657 2270 2918 2345 compe-

420 2368 549 2431 tere
591 2366 721 2433 sive
767 2365 1116 2434 conferendi
1159 2367 1555 2434 canonicatus
1584 2367 1651 2431 in
1686 2364 2026 2432 cathedrali
2059 2366 2338 2444 eeclesia,
2385 2367 2518 2433 sive
2547 2366 2922 2433 nominandi

420 2467 1041 2557 archipresbyterum
1083 2469 1180 2537 cui
1232 2489 1387 2539 onus
1444 2489 1627 2538 curae
1687 2470 2035 2537 animarum
2081 2471 2405 2538 incumbit.
2496 2470 2739 2537 Relate·
2760 2486 2921 2538 vem

420 2574 498 2638 ad
544 2575 1028 2642 nominationem
1068 2576 1517 2653 canonicorum,
1563 2576 1672 2660 qui
1719 2575 2028 2642 honorarii
2059 2574 2371 2654 dicuntur,
2416 2574 2577 2641 nihil
2604 2574 2915 2641 innovan-

417 2678 563 2744 dum
612 2696 746 2745 esse
792 2680 1255 2764 rescripserunt.
1340 2679 1587 2746 Pariter
1650 2680 1896 2747 vicariis
1939 2678 2347 2765 generalibus
2406 2678 2911 2763 praecedentiam

418 2802 602 2868 snper
661 2801 871 2850 omnes
924 2784 1268 2871 dignitates
1313 2787 1378 2850 et
1421 2784 1748 2850 canonicos
1790 2786 1921 2850 tam
1971 2784 2031 2849 in
2078 2784 2266 2850 choro
2309 2794 2496 2870 quam
2541 2785 2623 2851 in
2652 2798 2908 2908 proees-

418 2888 695 2956 sionibus
740 2890 1087 2975 competere
1128 2886 1505 2975 judicarunt.

631 2994 900 3060 »Verum
946 3011 1084 3061 cum
1132 2993 1290 3060 sacri
1341 3010 1601 3059 canones
1646 2993 1900 3058 minime
1941 2993 2283 3077 patiantur,
2325 2998 2397 3059 ut
2441 2995 2504 3058 in
2547 2993 2764 3061 eadem
2798 3005 2907 3060 eo·

420 3097 613 3164 clesia
655 3098 988 3183 eodemque
1033 3098 1295 3185 collegio
1335 3100 1413 3164 ab
1460 3097 1786 3165 Ordinatio
1841 3097 2000 3163 duae
2046 3097 2296 3166 valeant
2355 3096 2652 3165 constitui
2699 3093 2910 3182 digni·

420 3205 586 3270 tates
644 3202 927 3269 eumdem
1001 3202 1299 3269 habentes
1364 3204 1624 3269 titnium
1691 3202 2061 3287 easdemque
2121 3203 2466 3269 functiones
2530 3205 2907 3280 exercentes,

421 3308 585 3375 omni
629 3308 981 3393 praebenda
1025 3307 1365 3375 destitutae
1411 3310 1474 3375 et
1518 3308 1597 3374 ad
1644 3309 1862 3374 nutum
1925 3306 2287 3373 movibiles
2307 3357 2323 3386 ‚
2384 3306 2906 3392 quemadmodum

418 3413 481 3477 in
525 3412 843 3479 Tarbiensi
897 3412 1168 3499 capitulo
1213 3416 1530 3498 peractum
1571 3413 1720 3491 fuit,
1766 3412 1912 3477 hinc
1959 3411 2432 3479 eminentissimi
2482 3413 2702 3479 Patres
2740 3412 2907 3478 'Am-

418 3513 711 3601 plitudini
739 3517 911 3583 Tuae
935 3518 1141 3584 curari
1169 3517 1561 3596 mandarunt,
1598 3520 1670 3583 ut
1695 3537 1770 3583 ea
1795 3517 2001 3584 omnia
2024 3515 2409 3596 aboleantur,
2438 3533 2601 3603 qnae
2621 3517 2908 3602 spectant

420 3622 499 3686 ad
544 3621 799 3689 titulum
847 3623 912 3688 et
955 3621 1160 3689 officia
1204 3622 1743 3689 archidiaconatus
1798 3621 2044 3688 vicariis
2103 3621 2497 3707 generalibus
2558 3621 2904 3690 commin&

426 3727 692 3817 Demum
736 3724 1139 3810 differendam
1187 3745 1317 3793 esse
1363 3728 1686 3792 senserunt
1715 3726 2080 3792 solutionem
2114 3727 2567 3812 propositarum
2595 3726 2905 3812 quamin-

424 3851 592 3910 num‚
637 3851 793 3918 quae
835 3832 910 3898 de
951 3831 1089 3917 jure
1135 3834 1332 3920 agunt
1372 3829 1732 3896 nominandi
1771 3830 2338 3910 caeremoniarium‚
2386 3831 2736 3909 sacristam,
2774 3850 2906 3897 ma·

422 3935 689 4022 gistrum
735 3938 1100 4015 cantorum,
1160 3953 1492 4021 omnesque
1552 3934 1707 4002 alios
1765 3934 2082 4002 ministros
2123 3935 2489 4014 interiores,
2556 3951 2791 4002 necnon
2833 3934 2906 3999 de

421 4038 881 4127 opportunitate
939 4059 1094 4107 nova
1149 4038 1509 4109 conficiendi
1565 4040 1941 4125 capitularia
2001 4040 2280 4119 statuta3
2347 4038 2598 4107 interim
2674 4037 2904 4183 praxim

423 4146 739 4233 hucusque
781 4148 1105 4233 sequutum
1153 4145 1320 4212 haud
1364 4144 1776 4212 innovandam
1826 4159 1960 4212 esee
2005 4146 2347 4212 voluerunt.

432 4263 436 4267 ·
630 4250 810 4317 Hanc
854 4250 1481 4318 eminentissimorum
1525 4251 1786 4316 Patrum
1833 4250 2203 4320 sententiam
2253 4267 2292 4315 a
2332 4248 2743 4316 Sanctissimo
2784 4246 2904 4313 Do-

425 4353 590 4420 mino
649 4355 876 4421 Nostro
928 4356 1254 4439 probatam
1324 4354 1746 4421 Dominationi
1814 4354 1985 4421 Tuae
2049 4353 2442 4439 significans,
2506 4353 2901 4438 obsequentes

426 4456 615 4524 animi
665 4460 784 4524 mei
828 4478 1039 4525 sensus
1084 4458 1347 4524 libenter
1392 4459 1586 4524 testor
1630 4477 1703 4524 ac
1751 4458 1960 4525 fausta
2003 4448 2231 4525 cuneta
2276 4475 2485 4545 precor
2514 4478 2554 4525 a
2587 4455 2893 4525 Domina«
