3184 4842
212 171 273 243 128
451 192 512 251 Leo
532 189 617 249 XIII.
636 196 665 249 d.
683 191 731 249 25.
749 188 816 251 Jai.
836 190 912 249 1888
929 191 971 248 ad
989 210 1058 264 epp.
1077 189 1214 249 Ciliciae.

210 389 311 436 arcern
336 366 468 435 validius
490 366 607 442 trahat,
630 385 723 449 quarn
746 368 781 431 ut
805 365 937 449 longiori
957 366 1076 449 possint
1095 366 1240 434 distineri
1256 384 1360 443 mora;
1382 364 1456 430 binc
1582 441 1584 448 Ι

210 494 282 539 uero
302 473 481 559 Apostolica
501 470 597 537 Sedes
616 489 738 554 semper
752 469 946 535 coumnderit
960 470 1245 537 coniunctissimam
1263 470 1323 539 sibi
1339 470 1455 536 habere
1582 479 1584 561 j

209 578 365 644 nationem
389 579 540 653 ιιιιιιιιιι,
573 594 609 641 ac
631 574 731 641 sicubi
750 573 934 653 deiecisset,
958 574 997 640 ad
1020 576 1184 659 pristinam
1208 574 1454 642 communionem

209 700 366 758 reuocare;
396 699 471 747 saue
495 678 596 757 vobis,
623 678 821 744 venerabiles
844 680 986 758 Fratres,
1011 682 1194 764 praegrauia
1213 681 1382 764 suppetunt
1404 699 1455 746 ar·

209 790 359 871 gumenta
390 784 430 850 ad
460 778 669 863 suadendum,
701 784 734 849 et
764 783 861 849 Nobis
889 784 930 848 ad
963 784 1042 855 bene,
1068 784 1273 868 sperandum,
1306 785 1343 849 ιιι
1365 785 1455 849 uetus

209 890 383 957 coniunctio
402 887 582 974 plenissime
606 887 800 955 restituatur.
848 886 937 969 Quod
959 888 1066 972 utiquo
1084 889 1173 973 genti
1194 887 1356 954 uniuersae
1376 888 1456 953 bene

210 996 310 1061 uertet
332 1013 392 1060 uon
415 991 567 1059 modoad
590 994 749 1059 aeteruum
772 990 947 1057 animarum
973 991 1126 1072 saluum,
1161 993 1215 1057 sed
1249 992 1455 1069 studeam,
1582 1041 1583 1044 ,

208 1116 287 1187 quae
320 1098 370 1182 pie
401 1097 504 1181 optari
537 1097 640 1180 polest
668 1096 701 1161 iu
731 1095 823 1161 torris
845 1096 1082 1179 prosperitatem
1105 1100 1138 1164 et
1159 1097 1261 1165 decus.
1305 1096 1455 1163 Testatur

208 1203 289 1270 euim
314 1202 459 1279 historia,
489 1201 571 1267 inter
599 1218 702 1266 sacres
727 1201 894 1267 Armeniae
916 1201 1084 1267 Antistites
1107 1221 1158 1267 eos
1181 1202 1378 1286 pmelulsisse
1400 1220 1453 1267 oe·

207 1308 296 1385 teris,
317 1306 365 1372 uti
380 1304 543 1389 splendida
557 1303 670 1383 sidera,
689 1304 742 1389 qni
758 1305 916 1371 Romanae
931 1304 1085 1371 Ecclesiae
1101 1307 1311 1373 adhaeserunt
1324 1307 1452 1384 arctius,

209 1412 436 1494 maximamque
459 1409 553 1475 saissa
575 1408 613 1473 iis
636 1408 768 1475 sacculis
792 1409 927 1475 nationis
949 1410 1091 1493 giarium,
1114 1411 1228 1493 quibus
1247 1412 1279 1475 in
1294 1411 1453 1477 eacatbo-

209 1516 269 1582 lica
290 1514 399 1599 religio
421 1513 574 1580 latissime
597 1512 711 1579 lloruit.
988 1563 1005 1574 „⁴

312 1618 365 1686 Uti
386 1619 462 1685 hacc
481 1617 569 1683 iuxta
588 1620 662 1683 vota
684 1620 716 1682 et
736 1636 771 1683 ex
793 1617 950 1683 sententia
971 1618 1093 1697 codam,
1118 1636 1197 1683 unns
1220 1623 1378 1703 praestare
1395 1638 1453 1703 pc-
1582 1649 1584 1678 l

207 1725 272 1791 test
292 1742 394 1789 rerum
417 1722 554 1788 omnium
570 1721 744 1787 moderator
760 1720 854 1800 Deus,
873 1722 927 1806 qui
945 1724 1186 1806 qoosdigeroiur
1198 1731 1296 1805 nocui,
1319 1730 1454 1807 ιιᾳιιιιιι
1582 1743 1584 1754 ·

206 1829 272 1895 curii
291 1828 473 1911 religiosam
493 1828 574 1906 furii
595 1824 640 1911 (S.
665 1826 808 1892 Ambros.
831 1826 862 1890 in
883 1826 957 1892 Luc.
977 1845 1004 1891 o.
1023 1826 1090 1909 IV).
1122 1826 1170 1892 Ad
1193 1828 1273 1893 ilum
1296 1828 1453 1912 supplices
1582 1875 1584 1878 -

208 1932 377 2001 Nobiscum
398 1930 543 1997 adhibete
565 1948 686 2014 preces,
709 1930 910 1995 Venerabiles
932 1931 1073 2010 Fratres,
1097 1931 1138 1995 ad
1161 1931 1277 1998 Dileoti
1302 1931 1390 2011 diiii,
1414 1938 1454 1999 ut

206 2036 370 2103 flexanima
399 2035 474 2101 llius
504 2034 607 2119 gratia
632 2034 708 2100 moti
731 2038 884 2119 quotquot
905 2054 922 2099 e
945 2038 1038 2118 gente
1061 2039 1164 2101 uestra
1185 2056 1240 2120 per
1261 2038 1453 2121 baptismum

208 2141 339 2226 ingressi
362 2140 395 2205 iu
416 2140 603 2205 christianae
618 2138 711 2207 ¹uitae
733 2140 914 2205 societatem
943 2140 1114 2205 seiunctam
1146 2159 1166 2205 a
1195 2141 1294 2207 Nobis
1327 2143 1453 2207 coetum

209 2246 333 2323 babent,
357 2243 509 2328 impleant
531 2242 569 2308 ad
593 2242 658 2309 Nos
679 2246 795 2308 reversi
818 2243 968 2326 gaudium
991 2244 1151 2322 Nostrum,
1179 2246 1262 2311 iden
1284 2246 1453 2330 sapientes,

207 2350 337 2417 modern
348 2350 511 2415 moratae
522 2348 679 2427 dotcetas,
693 2348 870 2424 unanimes,
879 2347 1020 2431 ιάἰριιιιιι
1031 2350 1194 2416 secantes
1206 2349 1335 2433 (Philip.
1349 2350 1391 2415 II.
1402 2348 1451 2436 2).

207 2453 392 2521 Contendite
414 2453 450 2518 nt
471 2451 669 2537 suliragutrix
691 2452 774 2517 adsit
796 2451 878 2535 apud
901 2454 1023 2535 gratiae
1043 2452 1189 2518 thronum
1206 2454 1347 2537 glorioso
1360 2456 1453 2522 benc-
1582 2440 1584 2445 ’

206 2559 302 2637 dicio,
324 2562 444 2634 seoda,
467 2578 588 2636 semper
608 2556 702 2639 Virgo
723 2555 871 2638 Dcipura
889 2556 1013 2635 Morio,
1039 2556 1160 2625 odrice·
1180 2565 1280 2625 maier
1294 2566 1324 2625 d
1338 2559 1452 2624 offerat

202 2683 315 2747 maces
335 2667 461 2727 costros
482 2660 569 2726 Folio
590 2680 647 2727 suc
669 2665 699 2725 ci
720 2658 789 2727 Dec
810 2666 917 2727 ιιοιινο
938 2660 1084 2745 (dntipb.
1108 2661 1228 2746 biturg.
1245 2660 1359 2748 Arm).
1388 2662 1451 2728 lle·

206 2768 347 2852 precator
374 2784 445 2831 cnm
473 2783 511 2830 eu
535 2764 721 2830 adhibeatur
749 2765 871 2849 martyr
899 2764 1031 2829 illustris
1052 2763 1221 2848 Gregorius
1241 2766 1452 2847 illuminator,

207 2874 242 2937 ut
263 2888 339 2954 opus
361 2870 400 2934 ab
417 2886 450 2934 se
464 2868 631 2943 laboribus,
652 2868 829 2951 invictaque
844 2868 1036 2934 cruciatuum
1049 2870 1242 2953 perpessione
1256 2870 1451 2951 inchoatum,
1582 2855 1584 2890 ⁵

206 2974 327 3041 diuinae
349 2974 491 3039 minister
512 2972 589 3056 opis,
612 2972 761 3057 perficiat,
784 2971 965 3057 solidetque.
1002 2973 1143 3058 Denique
1165 2974 1308 3054 utillud,
1332 2976 1452 3042 Nostra
1582 2973 1584 3056 ᾗ

206 3080 371 3164 praeeunte
394 3096 499 3161 prece,
527 3076 682 3161 deposcite
714 3077 749 3141 ut
774 3077 998 3144 Anneniorum
1029 3079 1176 3146 ἀιιιιιιαι
1206 3080 1385 3164 redituraque
1405 3082 1452 3146 od
1582 3065 1584 3106 ³

204 3184 357 3251 ιιιιὶιιιιιιιι
377 3181 563 3249 cuibolicom
583 3182 722 3264 exemplo
744 3183 776 3247 et
799 3182 1001 3248 incitamento
1024 3182 1067 3247 sit
1089 3184 1199 3249 celeris
1217 3184 1271 3267 qui
1287 3183 1450 3250 Obristum
1582 3179 1584 3182 ’

204 3286 327 3373 quidem
360 3285 479 3365 colunt,
511 3285 565 3351 sed
591 3304 611 3351 a
642 3284 782 3351 Romana
811 3285 951 3353 Ecclesia
980 3290 1189 3367 ιιιιιιιιιιιιι,
1222 3293 1259 3353 ιιι
1287 3289 1364 3355 illuc
1394 3307 1448 3355 ra-

205 3392 301 3459 dcant
323 3389 403 3455 unde
425 3389 557 3474 digressi
579 3390 663 3468 suut,
686 3388 804 3473 fiatque
827 3410 922 3455 unum
945 3390 1025 3457 ouile
1046 3395 1079 3456 et
1100 3411 1179 3457 uuus
1201 3392 1321 3461 Pastor.

311 3494 397 3561 Haeo
417 3494 492 3559 dum
513 3493 593 3559 votis
614 3497 645 3559 el
668 3512 721 3577 spe
740 3492 856 3560 Nostra
879 3495 1100 3580 prosequimur,
1118 3497 1328 3580 apostolicam
1346 3498 1452 3563 Bene·
1582 3529 1584 3534 ·

205 3598 380 3677 dictionem,
407 3597 530 3663 divinae
553 3597 755 3681 benignitatis
779 3598 935 3683 auspicem
958 3599 1065 3678 Vobis,
1088 3601 1286 3668 venerabiles
1311 3602 1451 3681 Fratres,
1582 3605 1584 3674 ζ

205 3704 351 3787 uobisque
370 3701 531 3779 uniuersis,
553 3702 660 3767 dilecti
682 3700 750 3781 lilii,
773 3702 871 3769 effusa
891 3703 1023 3771 caritate
1045 3705 1248 3788 impertimus.

310 3805 425 3873 Datum
449 3805 564 3871 Romae
582 3805 664 3889 apud
686 3805 717 3876 S.
734 3808 864 3873 Petrum
886 3807 937 3873 die
959 3810 1010 3877 25.
1026 3809 1106 3891 Julii
1128 3830 1209 3877 auno
1233 3810 1315 3877 1888
1340 3810 1450 3879 Ponti·
1582 3845 1584 3868 2

204 3909 315 3977 beatus
339 3908 446 3976 Nostri
470 3908 647 3977 Undecimo.

1058 4018 1123 4085 Leo
1144 4016 1209 4087 PP.
1235 4018 1342 4094 XIII.
