3184 4842
328 219 402 277 Litt.
420 238 488 291 epp.
509 224 676 279 Bornestoe
695 224 742 281 28.
759 225 838 295 dap.
857 225 932 280 1888
950 224 992 280 cd
1010 241 1048 282 ss.
1068 226 1202 284 Patr-erra
1324 214 1386 280 149

140 394 307 477 telligatur
330 413 428 477 aequa
451 396 586 475 ratione,
620 415 699 479 quae
735 397 901 463 consistere
935 417 1006 462 cnm
1038 399 1170 465 veritate
1202 400 1386 487 iustitiaque

143 500 239 584 possit
262 550 270 565 .
296 551 302 565 .
328 550 335 566 .
357 499 472 565 Verum
495 519 583 565 secus
606 503 653 566 est
675 500 713 565 (16
737 502 826 566 rebns
850 521 885 567 66
908 501 1075 582 doctrinis,
1106 524 1183 587 quas
1213 506 1385 573 demutatio

142 624 262 671 morum
288 624 325 669 66
353 604 448 669 fallax
480 605 627 670 iudicium
662 608 769 671 contra
803 606 849 672 las
884 608 1065 673 invexerint.
1109 609 1240 675 Nullum
1262 616 1385 695 tempus

142 729 251 775 vacere
267 708 425 793 religione,
447 710 587 787 veritate,
604 710 726 776 institia
742 714 861 795 potest:
885 730 962 796 quas
979 730 1027 777 res
1043 712 1192 779 maximas
1206 716 1239 781 et
1254 718 1387 781 sanctis·

139 816 237 881 simas
258 834 329 879 cum
354 813 438 880 Deus
460 814 489 878 in
511 816 612 881 tutela
627 816 781 881 Ecclesiae
796 834 862 881 esse
878 817 1016 900 jusserit,
1041 817 1084 883 nil
1100 820 1149 883 est
1166 821 1231 884 tum
1248 820 1384 887 alienum

139 939 233 1004 qnam
259 920 343 997 velle,
370 922 406 984 ut
427 919 504 1003 ipsa,
527 920 606 1004 qnod
631 920 679 984 661
702 920 813 985 falsum
835 928 883 986 est
901 921 950 985 vel
966 920 1127 1000 iniustum,
1150 923 1385 990 dissimulanter

141 1026 237 1099 ierat,
271 1029 327 1089 aut
361 1024 393 1089 in
422 1024 459 1088 iis
490 1042 567 1107 quae
598 1026 671 1089 sunt
685 1024 836 1108 ,religioni
858 1026 966 1104 noxia,
999 1027 1179 1094 connivent«
1213 1026 1283 1113 (etr.
1308 1028 1383 1096 Litt.

140 1130 265 1215 Encycl.
294 1130 359 1195 »De
381 1130 526 1193 libertate
550 1128 678 1214 bnm.‹).

245 1233 443 1299 Gravissimis
471 1234 502 1297 in
528 1233 716 1316 temporibus
746 1233 841 1299 nullis
871 1234 964 1299 minis
994 1234 1127 1314 territa,
1159 1236 1254 1301 nullis
1284 1239 1385 1303 166616

139 1338 404 1422 persecutionibus
430 1337 567 1403 Ecclesia
592 1338 740 1403 »iniurias
762 1339 828 1421 pati
859 1342 934 1403 nata
964 1358 1022 1403 non
1057 1340 1177 1406 tacere«
1212 1342 1281 1424 (cfr.
1305 1341 1381 1408 Litt.

140 1444 263 1528 Enopcl.
291 1443 354 1507 »De
377 1442 522 1508 libertate
546 1443 681 1527 bum.‹),
717 1443 788 1507 bnic
810 1443 941 1507 tuendae
967 1462 1056 1509 verae
1078 1444 1233 1510 libertatis
1257 1448 1290 1511 et
1312 1465 1381 1530 pro·

138 1547 301 1631 pagandae
323 1546 519 1631 evangelicae
548 1546 689 1612 veritatis
711 1546 814 1612 officio
834 1566 954 1629 semper
977 1547 1079 1612 fidelis
1100 1548 1230 1625 mansit3
1261 1550 1380 1633 hacque

137 1653 176 1717 (16
213 1670 306 1717 cansa
341 1651 466 1735 speciali
504 1650 561 1714 Dei
594 1651 707 1715 auxilio
740 1652 812 1717 tnta
844 1670 949 1717 omnes
982 1650 1225 1717 adversariorum
1252 1657 1379 1719 6666166

137 1756 246 1841 tregit,
270 1774 356 1832 cum,
378 1760 414 1819 nt
432 1755 533 1840 inquit
556 1772 579 1820 6.
605 1754 761 1834 Hilarius,
786 1754 833 1820 »ei
856 1755 1011 1839 proprium
1035 1756 1091 1833 sit,
1113 1757 1148 1820 ut
1170 1760 1246 1821 tnnc
1264 1759 1379 1836 vincat,

134 1878 231 1943 quum
255 1859 404 1929 laedatur,
430 1862 504 1924 tunc
518 1859 725 1943 intelligatur,
749 1876 847 1943 quum
862 1861 1023 1943 arguatur,
1047 1862 1121 1925 tunc
1136 1861 1285 1941 obtineat,
1310 1881 1380 1928 cum

134 1964 315 2028 deseratur«
342 1962 386 2046 (S.
413 1963 512 2029 Hilar.
537 1964 574 2028 de
599 1964 711 2029 Trinit.
736 1964 754 2027 7
778 1983 804 2030 6.
828 1964 870 2047 4).

241 2066 388 2147 Quamvis
411 2070 515 2133 autom
540 2068 576 2133 de
598 2068 688 2133 buius
708 2086 827 2152 quoqne
850 2068 1038 2134 discriminis
1060 2069 1143 2135 exitu
1167 2069 1257 2153 plane
1283 2070 1382 2137 simus

134 2172 246 2248 securi,
271 2176 377 2235 tamen
401 2191 461 2237 non
483 2173 662 2239 omittemus
679 2191 833 2237 recurrere
850 2172 888 2237 ad
905 2172 1097 2237 invincibilia
1112 2173 1266 2239 Ecclesiae
1282 2193 1379 2254 arma,

134 2276 303 2359 quaesunt
319 2274 455 2340 fidelium
473 2278 642 2353 orationes;
660 2276 709 2341 bis
725 2277 807 2341 enim
818 2276 977 2341 obtinetur
990 2275 1157 2342 immobilis
1170 2278 1200 2341 in
1215 2278 1379 2362 pugnando

134 2380 363 2463 perseverantia
376 2384 407 2445 et
418 2380 593 2446 infallibilis
606 2380 751 2447 victoriae
764 2381 925 2446 certitudo.
944 2381 1077 2447 Exorata
1088 2381 1193 2448 divina
1204 2382 1378 2463 clementia,

137 2484 321 2549 Beatissime
345 2485 455 2563 Pater,
479 2504 654 2568 speramus,
678 2484 818 2551 futurum
841 2504 908 2552 esse
931 2489 966 2551 nt
987 2486 1132 2569 angelum
1155 2505 1247 2553 sunm
1271 2486 1380 2553 mittat

134 2589 176 2653 de
197 2590 300 2665 coelis,
323 2590 375 2672 qni
399 2588 443 2654 'Ee
467 2589 622 2654 custodiat
644 2588 816 2674 eripiatque
838 2609 873 2655 ex
896 2590 1037 2654 omnibus
1053 2590 1208 2673 periculis,
1228 2592 1377 2675 quomad-

133 2693 262 2758 modum
287 2694 461 2777 Principem
486 2694 719 2777 Apostolorum,
750 2696 857 2760 orante
881 2694 1035 2774 Ecclesia,
1068 2714 1103 2759 er
1126 2712 1249 2761 carcere
1271 2696 1378 2763 vinon-

131 2799 236 2881 lisqne
257 2798 333 2863 olim
357 2798 511 2876 liberavit.

242 2902 289 2967 Ad
311 2902 402 2985 pedes
422 2903 601 2968 sanctitatis
623 2902 706 2967 Euae
730 2902 902 2985 provoluti,
938 2903 1025 2967 nobis
1054 2902 1261 2987 gregibusque
1290 2903 1379 2969 nobis

126 3006 320 3073 concreditis
344 3008 553 3091 Apostolicam
578 3006 828 3072 benedictionem
851 3006 1060 3090 efflagitantes
1086 3025 1308 3089 permanemus.

343 3110 525 3177 Sanctitatis
548 3111 633 3177 'Euae
652 3110 843 3177 devotissimi
865 3114 897 3176 et
920 3110 1164 3176 obedientissimi

238 3214 374 3295 aarum
398 3217 448 3281 28.
472 3215 608 3301 Augusti
635 3216 726 3281 1888.

327 3372 331 3379 .
393 3320 614 3404 †Plvitippus‚
641 3319 897 3403 Archiepiscopus
920 3318 1118 3397 coloniensis.

394 3424 602 3509 †Jobounes
626 3424 834 3503 Christianus,
857 3423 1114 3507 Arcbiepiscopus
1135 3422 1358 3506 Eribnrgensis.

392 3530 414 3612 †
436 3529 555 3608 Julius,
580 3528 837 3611 Avcbiepiscopus
860 3526 1047 3593 (1666666616
1070 3528 1102 3593 61
1122 3528 1348 3595 Posuuniensis.

392 3634 414 3716 †
437 3634 600 3717 Georgius,
625 3633 957 3716 Princeps-Episcopus
981 3632 1245 3699 Vratislaviensis.

394 3736 601 3820 1161666666
624 3737 824 3814 Bernardus,
848 3736 1017 3820 Episcopus
1038 3736 1302 3804 Monasteriensis.

394 3842 414 3924 †
443 3840 634 3918 Wilbetmos,
660 3841 829 3925 Episcopus
852 3840 1067 3909 Hildesiensis.

392 3946 485 4028 †M.
509 3944 615 4024 Felix,
640 3945 807 4029 Episcopus
830 3944 1028 4013 Trevirensis.

393 4051 415 4133 †
438 4049 636 4127 Beruordus,
663 4049 831 4134 Episcopus
854 4049 1111 4134 Osnabrugensir.

393 4156 415 4238 †
438 4154 596 4233 Andreas,
621 4154 788 4238 Episcopus
813 4153 1026 4220 Warmiensis.

393 4262 414 4341 †
438 4258 578 4335 0666166,
605 4258 772 4343 Episcopus
794 4257 1035 4343 Limbnrgensis.

394 4364 509 4445 †Leo,
537 4363 702 4447 Episcopus
726 4361 911 4431 Enlmensis.

393 4466 568 4551 †Joseplv,
593 4466 760 4552 Episcopus
783 4465 954 4533 Enldensis.
1584 4543 1585 4558 1

393 4573 415 4655 †
437 4570 629 4640 Franciscus
650 4570 824 4656 06666666,
847 4572 1017 4657 Episcopus
1037 4568 1307 4639 Pederbornensis.
1583 4565 1586 4670 1
