3184 4842
276 168 341 224 Zur
360 167 608 238 Interpretatlon
625 183 688 224 000
707 181 730 224 0.
749 167 796 222 24.
815 167 853 222 X
870 167 907 221 dc
919 166 997 236 ⁴inre
1013 172 1099 238 patr.
1118 167 1145 232 3,
1163 167 1210 222 38.
1323 149 1365 214 41

119 345 214 411 postea
232 341 316 396 alium
333 339 505 406 cumulative,
523 355 577 395 non
596 339 742 396 recedendo
760 355 776 394 a
794 337 882 407 prims
897 339 1123 407 praesentatione,
1143 337 1221 395 etsie
1233 339 1368 409 privative

120 427 267 484 secundum
284 430 458 496 praesentare
475 428 578 497 nequit.
596 455 628 466 -
649 429 666 480 1.
687 443 710 481 c.
729 442 786 494 cap.
806 425 831 481 3.
850 425 875 492 d.
892 426 995 481 9-11:
1358 423 1361 426 ’

226 513 346 568 Secundo
365 511 443 568 modo
461 516 552 582 potest
569 513 627 568 fleri
644 513 770 576 variatio,
788 512 878 582 plures
894 512 987 568 ordine
1002 512 1150 569 successivo
1161 513 1367 583 praesentando,

121 604 149 656 ct
166 601 205 656 sic
220 600 333 657 diversis
350 600 525 668 temporibus.
547 599 641 670 Neque
653 617 701 670 per
714 599 824 655 secundi
836 599 1081 669 praesentationem
1094 601 1228 656 receditur
1242 618 1258 656 a
1272 603 1368 672 prima,

121 687 167 744 sed
186 686 325 757 episcopus
344 686 480 750 instituet,
500 703 580 756 quem
598 687 723 751 voluerit,
742 692 770 742 et
787 685 849 741 ideo
866 690 996 754 patronus
1013 687 1143 743 variando
1160 703 1213 742 uon
1232 687 1369 742 recedita

120 775 208 845 prima
225 773 457 842 praesentatione,
478 774 525 828 sed
543 776 710 838 accumulet,
730 776 757 828 01
775 774 816 828 110
835 773 951 828 variatio
969 777 1011 828 est
1029 774 1175 842 permissa,
1195 790 1258 829 uam
1276 776 1299 830 si
1316 775 1368 845 pri·

120 861 212 915 sative
230 864 258 914 et
277 859 424 916 recedendo
441 878 457 915 a
475 860 562 930 prima
579 861 798 929 praesentatione
810 859 868 915 siue
883 877 963 915 causo
976 859 1120 916 secundum
1135 863 1297 930 praesentet,
1315 878 1368 916 uon

121 947 232 1002 auditur
251 951 279 1002 et
298 946 374 1002 nulla
393 951 434 1002 est
453 948 576 1003 variatio.
612 947 648 1003 lit
666 949 689 1000 01
708 947 998 1017 secundopraesentet
1016 946 1203 1010 0110110010,
1221 950 1368 1016 praesumi·

121 1037 167 1088 tur
184 1033 346 1088 cumulative
364 1037 565 1103 praesentasse,
591 1051 653 1090 narn
673 1035 789 1106 quilibet
806 1037 989 1105 praesumitur
1006 1035 1091 1099 velle,
1116 1035 1186 1106 quod
1202 1035 1247 1105 jus
1265 1037 1369 1106 patitur

123 1124 153 1175 et
167 1119 311 1189 permittit,
332 1123 360 1176 ct
380 1121 517 1193 episcopus
534 1124 600 1177 tuuc
617 1122 754 1185 instituet,
773 1138 852 1192 quem
871 1122 939 1177 vnlt.

231 1210 419 1264 Franciscns
438 1210 635 1278 10800000,
665 1207 766 1264 Coram.
792 1210 821 1264 in
848 1210 973 1279 singulos
999 1225 1114 1264 canones
1137 1209 1171 1264 de
1191 1208 1369 1279 ι1000001000,

125 1297 157 1351 P.
176 1295 212 1350 11.
233 1294 320 1364 (11000
341 1294 418 1362 1718)
438 1311 494 1349 can.
511 1296 605 1350 9-11.
626 1297 721 1350 0001.
742 1295 767 1366 d.
787 1296 827 1350 12.
846 1313 872 1364 p.
893 1296 957 1351 157:

229 1383 349 1436 Duraute
367 1381 455 1436 adhuc
473 1381 670 1452 quadrimestre
681 1384 788 1454 poterat
800 1387 930 1452 patrenus
947 1383 1051 1437 variare
1069 1382 1154 1437 alium
1164 1383 1368 1450 praesentando,

120 1487 176 1526 non
195 1469 304 1538 quidem
332 1471 480 1524 corrective
503 1472 531 1524 et
555 1471 691 1540 privative
715 1471 823 1540 penitus
842 1470 988 1525 recedendo
1007 1486 1023 1524 a
1041 1471 1127 1537 prims
1144 1471 1369 1540 praesentatione,

119 1559 169 1612 001
187 1558 390 1622 000000101100,
411 1557 494 1612 alium
514 1573 574 1612 oum
591 1558 677 1628 primo
696 1557 897 1612 accumulando.
931 1558 1120 1612 Praesentstio
1139 1557 1194 1612 init
1210 1557 1308 1621 valida,
1327 1561 1369 1612 ut·

119 1648 186 1714 pote
204 1643 277 1699 iacta
295 1643 327 1698 de
350 1659 463 1713 persona
487 1643 593 1710 capaci,
623 1659 678 1712 qus
704 1645 794 1697 stante
813 1642 957 1698 validitate
981 1642 1086 1698 licitum
1107 1658 1159 1697 non
1179 1646 1237 1698 erat
1256 1646 1371 1710 patrono

119 1731 199 1795 laico,
218 1731 464 1802 praesentationem
481 1731 563 1786 semel
582 1729 671 1784 valide
688 1730 790 1786 iactam
811 1729 946 1785 intutum
970 1745 1102 1785 revocare.
1145 1730 1227 1785 Ratio
1246 1732 1287 1784 est
1307 1731 1371 1798 quia

118 1816 366 1874 1001000241.
396 1815 428 1872 10
452 1815 583 1886 jorepetr.
611 1817 682 1873 inter
706 1817 796 1886 plures
818 1819 1005 1886 praesentatos
1027 1833 1044 1871 a
1068 1819 1181 1887 patrono
1200 1817 1267 1872 laico
1285 1833 1371 1887 seque

119 1905 231 1960 idoneos
250 1903 372 1958 concedit
389 1904 512 1974 episcopo
528 1905 765 1974 gratificationem.
799 1903 861 1959 Non
879 1907 951 1958 esset
968 1907 1059 1959 autern
1077 1904 1152 1959 locus
1170 1903 1371 1974 gratificationi,

120 1993 144 2046 si
168 1995 299 2062 patronus
324 1991 408 2046 laicus
434 1992 553 2046 variaret
581 1992 725 2046 corrective
751 1994 781 2048 et
806 1992 939 2060 privative
966 1991 1114 2046 recedendo
1140 2007 1156 2045 a
1184 1990 1272 2059 prima
1296 2006 1372 2060 prae·

122 2079 287 2134 sentations.

230 2167 336 2219 Arraei.
356 2164 608 2234 reverentiores.
627 2162 656 2220 0.
676 2165 717 2225 U..
736 2164 843 2235 Freisg.
863 2163 939 2227 1700,
957 2163 992 2218 01
1010 2180 1032 2219 c.
1050 2165 1093 2218 24.
1112 2165 1157 2218 011.
1176 2163 1201 2232 ἕ.
1219 2164 1269 2220 170

228 2250 304 2318 Quod
321 2250 449 2320 intellige
467 2250 639 2316 cumuletive,
658 2267 712 2306 non
729 2251 863 2320 privative
881 2254 930 2307 aut
947 2251 1081 2307 exclusive
1098 2292 1105 2306 .
1124 2292 1130 2307 .
1149 2288 1157 2306 .
1174 2267 1227 2305 non
1247 2267 1310 2307 vero
1326 2269 1372 2321 po·

121 2341 179 2394 teet
197 2337 314 2408 primum
331 2339 440 2407 penitus
459 2338 606 2394 excludere.

228 2427 260 2482 Z:
272 2429 304 2481 B.
312 2445 373 2481 nun
385 2429 490 2497 Expers,
500 2428 526 2483 J.
534 2427 564 2482 li.
572 2427 614 2492 U,
625 2424 682 2482 001.
691 2425 805 2498 Agripp.
815 2425 893 2492 1772,
903 2425 974 2480 Ρ.ΙΙ.
984 2428 1049 2481 0001.
1058 2427 1082 2481 3.
1091 2426 1137 2481 111
1146 2426 1172 2481 8.
1184 2423 1371 2494 dej.p.§.18:

227 2513 304 2568 Hanc
316 2513 495 2568 variationem
507 2512 629 2568 doctores
644 2529 740 2568 vocare
751 2514 840 2569 solent
852 2513 1092 2569 accumulativamr
1110 2529 1141 2568 eo
1156 2511 1228 2584 quod
1242 2515 1373 2580 patronus

120 2601 267 2656 secuudum
286 2600 483 2668 praesentando
503 2600 747 2670 praesentationem
764 2599 977 2670 praesentationi
992 2600 1157 2661 accumulet.
1174 2616 1228 2654 non
1246 2601 1372 2654 autema

120 2688 206 2760 priori
223 2687 344 2752 recedst;
372 2688 496 2756 hancque
524 2688 609 2742 solam
637 2687 813 2741 variationem
837 2687 960 2755 permitti
979 2687 1063 2742 etism
1080 2690 1194 2757 patrono
1214 2686 1282 2740 laico
1301 2701 1373 2740 com·

120 2775 212 2830 munis
231 2778 274 2830 est
291 2774 494 2829 canonistarum
512 2775 664 2836 sententia,
687 2789 768 2844 quam
786 2773 885 2842 probat
904 2774 1050 2843 Fagnanns
1069 2773 1103 2829 ad
1122 2774 1235 2828 citatum
1254 2789 1310 2840 cap.
1330 2772 1372 2828 24.

121 2877 239 2931 eamque
256 2861 345 2916 textui
364 2858 527 2916 conformem
544 2860 673 2916 ostendit.

232 2948 282 3002 Fr.
297 2949 578 3018 Sctmalaprneedcr,
598 2945 668 3002 Cler.
687 2947 815 3002 saecular.
831 2948 859 3001 et
870 2947 967 3018 regul,
978 2949 1043 3002 1000
1053 2947 1134 3002 2111.
1144 2947 1193 3017 383
1211 2947 1303 3004 5300.
1315 2946 1373 3003 let.

121 3035 255 3105 (Dilliug.
273 3034 368 3103 1717);

227 3121 313 3178 Porro
331 3121 446 3176 variatio
464 3121 545 3188 haec,
563 3137 644 3191 qnam
662 3120 732 3176 laico
749 3123 866 3190 patrono
884 3120 1043 3189 permissam
1059 3118 1130 3185 diri,
1155 3120 1210 3176 sita
1225 3121 1253 3176 in
1273 3137 1304 3176 co
1323 3123 1373 3187 001,

119 3213 154 3264 01
173 3209 248 3264 10010
265 3207 485 3277 praesentatione
504 3207 590 3277 possit
607 3207 745 3263 nominare
761 3207 856 3272 aliurn,
876 3224 929 3262 non
946 3207 1081 3277 privative
1099 3223 1145 3261 seu
1164 3207 1238 3277 prius
1257 3224 1315 3262 ase
1326 3225 1373 3262 no·

120 3297 260 3351 minatum
278 3294 441 3349 excludendo
461 3323 493 3332 -
514 3310 577 3349 nam
594 3295 618 3348 01
635 3294 749 3364 primurn
771 3295 976 3363 praesentatum
1003 3292 1172 3357 excluderet,
1199 3294 1276 3349 nulla
1303 3297 1375 3350 esset

120 3382 190 3438 talis
208 3381 325 3437 secunda
342 3383 524 3452 praesentatio
542 3410 576 3418 -
595 3380 641 3435 sed
651 3379 818 3435 cuniulative
833 3397 881 3435 seu
898 3380 973 3449 prius
992 3383 1164 3450 praesentato
1182 3380 1279 3436 clerico
1290 3381 1374 3436 alium

118 3470 208 3525 etiarn
226 3468 352 3524 idoneum
370 3466 582 3538 superaddendo,
600 3469 631 3522 ut
649 3471 726 3538 patet
744 3484 774 3522 er
790 3484 811 3523 0.
831 3469 872 3522 24.
891 3467 924 3522 X.
942 3468 968 3521 h.
987 3469 1008 3522 t.
1028 3495 1061 3505 -
1080 3471 1107 3521 et
1126 3467 1193 3522 haec
1208 3467 1375 3523 consolativa

118 3555 310 3627 00000001010
336 3554 519 3626 intelligitur,
546 3554 652 3626 quoties
681 3554 812 3610 00000100
836 3557 1027 3634 praesentatur
1045 3556 1074 3608 et
1090 3570 1143 3608 non
1163 3554 1313 3610 excluditur
1332 3571 1375 3609 ex·

118 3659 218 3716 presse
237 3643 347 3713 primus.

230 3731 391 3788 Jotanncs
412 3730 582 3792 Gotterres,
602 3729 690 3784 Tract.
711 3727 743 3783 de
759 3727 913 3796 juramento
930 3727 1128 3783 confirmatorie
1146 3730 1175 3784 et
1192 3727 1256 3784 aliis
1275 3727 1374 3798 injure

116 3817 208 3874 variis
226 3815 444 3882 resolutionibus,
465 3815 588 3872 rancor.
610 3816 686 3880 1606,
704 3815 733 3870 Ρ.
751 3815 776 3870 3.
794 3831 851 3884 cap.
873 3813 913 3869 13.
933 3831 958 3868 0.
976 3812 1010 3868 4:

231 3903 283 3960 Sed
302 3906 344 3958 cst
362 3901 567 3968 advertendum,
585 3902 654 3974 quod
673 3903 712 3958 ita
732 3900 1252 3970 10000110010010000101000οτ1000,
1270 3901 1375 3957 scilicet

115 3990 334 4056 accumulando,
358 4007 433 4046 secus
451 4007 514 4046 vero
534 3991 680 4046 recedendo
701 4009 718 4046 a
736 3991 823 4060 prima
841 3991 1039 4054 nominatione,
1060 3989 1124 4061 quia
1146 3989 1169 4044 si
1193 4006 1316 4061 expresse
1332 4004 1375 4044 re·

115 4079 204 4137 cedat
223 4095 241 4134 a
259 4079 352 4148 prima,
370 4078 441 4134 nihil
457 4079 518 4149 egit
536 4079 634 4134 01000
652 4078 726 4135 valet
743 4079 860 4134 secunda
879 4078 1036 4134 nominatio.

231 4165 324 4220 Ernr.
344 4166 483 4236 Pirta'np,
503 4164 553 4220 Jus
570 4181 678 4230 00000,
696 4164 811 4236 111111ος.
833 4164 909 4232 1686,
925 4169 992 4220 tom.
1009 4165 1036 4221 3.
1059 4163 1094 4219 01
1111 4163 1157 4219 111.
1176 4164 1210 4220 10
1226 4163 1286 4233 juro
1304 4166 1374 4234 patr.

114 4251 432 4324 danpW:

230 4337 291 4394 Non
310 4339 381 4394 euim
398 4341 528 4410 patronus
545 4342 719 4410 praesentans
738 4340 855 4394 alterurn
870 4337 972 4393 recedit
986 4354 1002 4392 a
1018 4337 1103 4409 primo
1120 4338 1308 4408 praesentato:
1327 4334 1374 4390 sed

111 4429 243 4487 alterum
261 4427 382 4482 00000101
400 4443 459 4482 cnm
475 4426 568 4497 primo,
588 4426 639 4481 hoc
655 4429 705 4490 est,
723 4426 808 4495 primo
827 4425 972 4481 00000100
989 4424 1074 4490 addit,
1093 4422 1248 4494 acproinde
1260 4421 1375 4477 variatio

113 4536 133 4574 0
157 4519 275 4586 patrono
291 4515 362 4572 laico
380 4514 438 4570 6001
454 4515 546 4584 potest
562 4531 615 4570 000
633 4512 778 4584 privative,
795 4505 943 4582 rejiciendo
961 4513 1072 4569 omniuo
1084 4512 1199 4582 priorem
1219 4511 1374 4581 praesenta·
