3184 4842
393 226 524 283 Decreta
542 224 828 299 conpr-epactarum
845 228 979 297 aportat.
999 227 1194 285 1887-1888.
1353 211 1417 279 188

167 420 204 465 or
227 398 354 483 speciali
377 398 553 483 Apostolieo
576 398 702 465 Indulto
724 400 866 485 erigendi
888 398 1085 480 Sodalitntes‚
1107 419 1177 466 cum
1195 399 1415 487 indulgentiis.

167 504 280 589 quibus
302 503 336 569 in
361 503 441 571 Urbe
463 505 662 587 perfruuntur
688 506 878 589 respectione
905 504 1274 573 Arabiconfraternitates
1300 508 1414 592 absque

169 609 233 675 nlla
253 608 391 675 exhibita
414 608 563 692 petitione
585 610 819 694 aggregationis
849 609 1032 675 Sodalitatis
1053 608 1242 677 Moderatori
1264 612 1412 696 generali.

273 712 309 778 ld
326 732 406 789 uero,
426 714 473 779 uti
488 713 676 797 experientia
693 714 883 799 comprobat,
899 714 931 778 in
948 714 1084 780 eiusdem
1100 714 1283 781 Sodalitatis
1301 714 1414 781 bonum

168 818 297 883 minima
318 814 428 903 vergil.
465 817 502 883 In
526 816 574 883 his
597 816 748 902 siquidem
772 818 994 883 sodalitatibus
1009 817 1066 883 tali
1085 818 1175 885 modo
1190 819 1313 898 erucas,
1336 839 1416 904 quae

169 922 254 988 nullo
277 922 357 988 iuter
377 940 409 986 se
432 921 553 987 viuculo
576 922 807 1007 coniunguntur
828 940 898 987 cum
922 920 1096 989 Sodalitate
1118 922 1267 1006 primaria
1281 942 1336 989 sou
1352 924 1414 991 Ar·

169 1026 396 1104 cleisodalitate
420 1045 498 1110 quae
522 1027 561 1092 ob
585 1025 765 1110 apostolica
787 1024 867 1092 Sede
889 1026 935 1091 uti
958 1026 1099 1092 centrum
1117 1026 1248 1093 aliarum
1264 1027 1326 1094 tuit
1343 1047 1417 1095 con·

167 1132 289 1209 stilum,
313 1130 465 1214 paulatim
489 1150 524 1197 ea
548 1130 653 1197 deficit
675 1130 777 1196 unitas
799 1130 979 1197 directionis
1001 1129 1182 1215 piorumque
1205 1150 1317 1198 usuum
1341 1151 1412 1200 con-

168 1237 320 1315 formitas,
342 1254 420 1319 quae
442 1236 574 1301 maxime
595 1235 713 1301 confort
738 1235 777 1301 ad
799 1235 1025 1302 incrementum
1045 1234 1218 1303 devotionis
1233 1253 1309 1321 erga
1325 1237 1361 1302 B.
1377 1236 1414 1303 V.

169 1340 313 1418 Mariam,
336 1358 450 1406 necnon
474 1339 600 1405 maioris
622 1340 694 1406 boni
717 1339 853 1424 ipsorum
876 1339 1045 1406 Sodalinm.

271 1443 476 1526 Quamobrem
499 1443 612 1511 Orator
632 1442 804 1511 Sanctitati
825 1444 955 1511 Vestras
977 1444 1152 1511 humillime
1168 1443 1326 1529 supplicat
1339 1463 1414 1529 qua·

168 1552 258 1615 tanus
281 1548 413 1634 benigne
435 1546 597 1613 decernere
623 1548 786 1633 dignetur,
822 1553 858 1614 ut
888 1549 924 1614 ia
951 1555 1115 1631 pomarum
1142 1548 1333 1615 Sodalitutos
1354 1549 1413 1616 sub

166 1653 260 1719 titulo
281 1653 314 1718 et
335 1652 528 1735 inuocatione
551 1652 585 1719 Β.
611 1652 648 1721 V.
674 1652 792 1719 Mariae
822 1653 862 1720 ric
888 1653 1042 1735 Perpetuo
1064 1652 1222 1721 Succusa
1245 1656 1277 1719 et
1298 1653 1331 1721 8.
1353 1654 1414 1721 Al·

162 1758 335 1842 pbanaild.
352 1756 540 1841 deligend,
563 1776 582 1821 a
606 1756 701 1827 limis.
723 1757 895 1825 Ordinariis
918 1759 1064 1824 canonico
1086 1759 1219 1835 erectae,
1243 1758 1414 1824 nullimode

167 1862 229 1928 frui
251 1862 368 1946 possint
389 1861 615 1947 Indulgentiis‚
646 1863 678 1927 et
708 1861 880 1946 privilegiis
902 1862 1014 1947 quibus
1036 1860 1152 1946 gaudet
1174 1862 1243 1947 ipsa
1265 1862 1411 1929 Arabiae·
1519 1858 1545 1946 j

167 1967 281 2033 dalitas
304 1965 441 2038 eiusdem
464 1965 597 2031 nominis
619 1965 651 2033 in
675 1966 757 2032 Urbe
779 1968 899 2045 erecta,
921 1966 981 2031 nisi
1004 1965 1121 2033 fuerint
1141 1966 1242 2032 eidem
1265 1966 1413 2034 Archiae·

166 2070 292 2137 dalitati
321 2070 455 2154 (praevio
483 2070 643 2147 Rmomm
673 2069 908 2138 Ordinatiorum
939 2088 1088 2136 consensu
1116 2072 1148 2137 et
1171 2069 1299 2137 bitteris
1320 2072 1413 2137 testi·

167 2174 363 2260 monialibus)
387 2174 576 2259 aggregatae
599 2194 652 2258 per
675 2174 812 2241 Litteras
833 2176 975 2258 patentes
997 2194 1017 2240 a
1037 2173 1199 2259 Superiora
1214 2174 1360 2241 Generali
1380 2177 1412 2241 et

165 2278 430 2346 Recurcnaioa
454 2277 712 2364 congregationis
734 2276 929 2346 Sanctissimi
957 2278 1171 2363 Redemptoris
1198 2278 1410 2363 expediendas.

272 2385 413 2468 Proque
436 2384 547 2468 gratia.

582 2488 627 2553 Er
645 2486 816 2554 Audientia
829 2487 1024 2554 sanctissimi
1040 2485 1102 2553 diei
1117 2488 1168 2556 22.
1187 2487 1275 2554 Febr.
1295 2487 1388 2558 1888.

270 2590 493 2659 Sanctissimae
519 2592 667 2659 Dominus
691 2592 805 2658 Noster
828 2594 891 2660 Leo
908 2592 1002 2675 Papa
1021 2592 1126 2659 XHl.
1149 2591 1281 2676 benigne
1301 2594 1411 2659 annuit

164 2715 220 2781 pro
242 2696 346 2781 gratia
364 2696 451 2762 iuxta
474 2715 588 2780 preces,
610 2698 722 2763 ceteris
744 2698 876 2763 serratis
899 2696 941 2763 de
962 2697 1030 2761 iure
1051 2695 1220 2765 servandis.
1252 2696 1412 2763 humenti

162 2804 202 2869 ire
228 2809 414 2885 perparum
447 2800 581 2867 valituro
611 2801 726 2885 absque
754 2801 821 2868 ulla
850 2800 952 2867 brevis
985 2800 1186 2885 expeditione.
1242 2799 1412 2868 centuriis

163 2904 411 2991 quibuscumque
432 2924 490 2971 non
513 2906 719 2973 obstantibus.

273 3026 389 3092 Datum
425 3026 540 3095 Romae
574 3046 610 3093 ex
642 3026 815 3095 secretaria
847 3027 878 3096 S.
913 3026 1168 3112 Congregationis
1201 3025 1411 3111 Indulgentiis

163 3132 329 3216 Sacrisque
352 3132 503 3216 Reliqniis
525 3133 717 3217 praepositae
741 3132 791 3198 die
814 3134 865 3201 22.
889 3131 1050 3198 Februarii
1074 3132 1169 3199 1888.

499 3270 533 3339 S.
559 3270 650 3339 card.
679 3272 869 3352 Varroutclli,
893 3270 1083 3338 Praefectus.

268 3374 317 3461 (Ir.
341 3374 362 3459 †
384 3373 430 3459 S.)
619 3376 804 3444 Alccaader
827 3376 995 3461 Episcopus
1019 3375 1141 3455 Ocresia,
1165 3372 1367 3441 Secretarius.
