3184 4842
734 683 798 767 xo.

413 822 474 907 88.
501 823 538 910 D.
566 824 604 905 tt.
631 821 754 907 teonis
782 822 868 907 as.
896 824 973 905 ΧΙΙΙ.
1001 823 1155 928 Epistoie

154 962 199 1029 ad
220 962 293 1031 Erro.
317 962 416 1031 Garri.
439 964 607 1049 Lampetie
629 964 910 1049 Areiiepisoopsm
931 964 1154 1050 Carthagines.
1178 964 1387 1049 usipetes.

532 1075 642 1136 conto
662 1070 841 1136 maionem
861 1069 1025 1153 Afromm.

623 1206 702 1275 tuo
725 1208 762 1276 P.
777 1208 811 1274 Ρ.
836 1207 926 1275 ΧΙΠ.

141 1424 144 1429 ,
243 1347 364 1415 Diloote
385 1348 444 1414 iili
468 1347 593 1429 Noster,
616 1316 756 1415 Salutem
780 1350 813 1413 et
835 1347 1035 1432 apostolicam
1061 1347 1320 1415 Benedictiouem.

258 1486 343 1573 Opus
364 1487 424 1554 tibi
445 1506 518 1554 sene
542 1507 689 1572 maguum
705 1490 737 1553 et
752 1487 896 1563 arduum,
919 1490 1052 1572 urgente
1067 1486 1132 1553 Nos
1148 1489 1289 1564 ueritate,
1314 1506 1401 1552 mau-

153 1591 317 1661 dauimus:
342 1592 463 1661 seilicet
484 1594 521 1658 ut
540 1592 644 1658 onmia
665 1591 795 1658 tidenter
814 1592 965 1686 experiri,
988 1610 1200 1677 quaecumque
1222 1592 1256 1657 in
1274 1593 1330 1658 tna
1352 1610 1402 1657 as·

152 1698 226 1764 sent
246 1698 411 1781 potestate,
435 1696 541 1776 velles,
564 1696 602 1763 ad
625 1696 849 1782 prohibendam
872 1698 921 1763 tot
943 1696 1124 1763 miserorum
1148 1695 1181 1764 iu
1205 1694 1314 1763 Atrius
1335 1714 1401 1761 ser-

154 1802 297 1868 vitutem.
329 1838 369 1851 -
400 1801 488 1885 Quod
513 1802 619 1868 tamen
646 1801 694 1867 ita
716 1801 881 1885 suscepisti
903 1802 1020 1880 iibens,
1056 1802 1094 1866 ut
1115 1800 1207 1883 faoile
1228 1805 1400 1886 appareret,

8 1916 9 1921 ’
151 1904 280 1990 qualem
299 1906 449 1986 ssimum,
473 1904 528 1972 nbi
547 1906 630 1973 salus
646 1906 806 1973 homiuum
822 1906 939 1990 egitur,
961 1924 1115 1989 quamquo
1131 1904 1283 1973 oreelsum
1299 1924 1399 1990 geras.

153 2009 247 2076 Nune
269 2028 339 2075 soro
361 2028 398 2077 or
420 2010 534 2077 litteris
557 2011 621 2075 tuis
642 2010 868 2089 intelleximus,
899 2014 931 2075 et
962 2010 1144 2076 elaoriorem
1168 2011 1200 2075 to
1230 2012 1263 2075 et
1284 2008 1398 2075 arden·

154 2114 268 2179 tiorsm
291 2132 328 2180 ea
350 2113 382 2179 iu
404 2130 438 2181 re
460 2115 598 2199 quotidie
625 2112 713 2194 fieri,
748 2115 783 2180 ut
817 2114 867 2179 rei
899 2132 1036 2180 summos
1066 2131 1120 2198 pro
1147 2113 1256 2179 eadem
1279 2112 1400 2179 iabores

157 2236 220 2285 uon
240 2218 331 2285 modo
353 2236 414 2285 uon
436 2236 593 2300 reoussre,
625 2217 680 2284 sed
711 2220 856 2303 appetere
885 2218 981 2285 etiam
1004 2237 1041 2284 ao
1063 2218 1227 2301 deposuere
1249 2217 1401 2295 musenim

155 2324 379 2409 proptereaque
401 2342 462 2389 non
483 2342 662 2408 possumus,
693 2326 749 2388 aut
776 2324 871 2394 etiam
894 2342 954 2389 non
977 2322 1125 2389 debemus
1146 2322 1303 2389 continere
1325 2323 1400 2401 Noe,

156 2426 232 2513 quin
255 2426 304 2493 his
323 2428 404 2513 apud
427 2431 460 2493 te
482 2428 597 2495 litteris
619 2430 780 2508 testemur,
805 2419 926 2513 probari
948 2427 1047 2496 Nobis
1062 2427 1261 2493 uehementer
1275 2428 1402 2511 eoeptus

156 2532 235 2597 istos
264 2532 351 2610 tuos,
382 2532 415 2598 in
449 2532 561 2617 quibus
593 2532 668 2616 ipsis
701 2533 888 2616 promerito
910 2530 1163 2599 commendandis
1185 2531 1269 2597 naus
1292 2548 1402 2617 aegaee

154 2635 296 2701 extitisse
319 2636 494 2721 Episoopos,
518 2640 549 2703 et
572 2638 687 2703 seimus
707 2638 740 2702 et
762 2636 927 2706 laetamur.
968 2636 1112 2703 <istorum
1133 2653 1204 2701 eum
1228 2635 1287 2701 tibi
1312 2638 1401 2720 opta·

154 2758 227 2805 mus
248 2758 469 2826 preoamurque
491 2740 617 2821 exitum,
641 2759 732 2825 quom
756 2758 812 2825 par
834 2745 882 2807 est
905 2742 937 2807 iu
958 2759 1053 2807 eausa
1067 2742 1133 2807 tam
1150 2740 1246 2805 nobiti
1262 2740 1402 2825 bonsqm

155 2860 315 2931 eouseqm.

262 2949 365 3035 Atque
385 2950 476 3018 initia
497 2950 624 3036 quidem
644 2952 722 3018 satis
743 2951 853 3016 iubent
876 2950 1049 3031 renidere,
1077 2950 1104 3016 si
1127 2950 1192 3016 Deo
1213 2950 1333 3035 pieeet,
1363 2948 1402 3014 de

156 3052 295 3138 reliquis.
323 3054 527 3123 Consentiunt
546 3058 626 3121 enirn
643 3056 757 3121 summi
778 3054 918 3139 Europae
936 3054 1102 3139 Priueipes,
1123 3055 1300 3139 quotenne
1317 3052 1401 3119 1878

157 3159 190 3223 in
213 3160 365 3225 oonreutu
388 3159 579 3225 Beroiiuensi
597 3159 834 3245 spoponderant,
860 3160 983 3225 obviam
1001 3159 1170 3224 animosius
1185 3157 1320 3224 eundum
1336 3160 1401 3223 tem

157 3263 280 3347 ingenti
304 3263 393 3330 malo.
426 3300 468 3313 -
498 3264 534 3329 Iu
555 3264 686 3349 privatis
709 3267 814 3329 autem
837 3263 1015 3330 hominibus
1039 3262 1177 3329 videmus
1199 3262 1402 3347 plurimorum

158 3366 400 3435 miseriooniiam
424 3368 538 3435 litteris
560 3368 615 3433 abs
636 3372 669 3435 te
691 3386 728 3434 ao
750 3386 892 3435 sermone
914 3369 1117 3434 eommotemz
1146 3366 1256 3451 idque,
1280 3370 1317 3431 ut
1338 3366 1404 3450 epi·

156 3470 241 3537 stein
262 3473 319 3537 tna
338 3471 517 3553 confirmet,
541 3491 601 3540 uon
625 3472 714 3540 modo
735 3473 817 3557 apud
841 3471 1074 3557 magnanimum
1097 3490 1195 3558 genus
1218 3471 1301 3536 eires
1323 3476 1403 3550 tuos,

157 3575 213 3641 sed
236 3576 331 3642 etiam
354 3577 436 3662 apud
458 3578 572 3663 Belgas
601 3578 826 3644 inalienatum
860 3576 972 3643 solatia
1005 3576 1220 3643 calamitatum
1255 3578 1289 3642 et
1321 3576 1404 3660 ipsos

158 3682 273 3746 uaturt
291 3681 522 3766 paratissimum
552 3690 585 3749 et
604 3681 685 3766 apud
707 3683 873 3748 Britannos
895 3681 933 3747 do
956 3680 1117 3764 maneipiis
1141 3680 1327 3766 Aethiopum
1350 3679 1405 3745 diu

160 3783 357 3870 multumque
385 3786 530 3865 meritos,
568 3787 601 3852 et
632 3785 712 3871 apud
739 3785 908 3853 eattoiioos
938 3805 955 3851 e
986 3786 1172 3864 Germania,
1202 3784 1241 3850 de
1273 3803 1403 3868 quorum

159 3889 288 3973 pietate,
311 3890 569 3973 quemadmodum
594 3890 690 3957 etiam
711 3890 749 3957 de
765 3891 994 3970 Lusitanorum,
1016 3890 1095 3955 nihil
1110 3893 1159 3956 est
1174 3892 1239 3955 tam
1254 3906 1404 3974 magnum

157 3993 239 4079 quod
274 4013 334 4061 nou
366 3995 434 4061 iuro
465 3998 668 4080 expectemus.
724 3996 798 4063 Peri
828 3998 932 4062 autem
955 3995 1154 4079 propensione
1182 3993 1404 4059 uoluntatiset

161 4096 261 4164 italos
282 4098 314 4164 et
338 4098 493 4185 Hispanos
514 4100 652 4167 {autores
674 4100 774 4187 operis
796 4100 1015 4184 adiutoresque
1035 4099 1174 4179 tuturos,
1206 4098 1291 4163 nullo
1314 4098 1405 4181 paeto

159 4202 362 4287 ambigimus.
427 4202 461 4271 st
506 4204 666 4271 seruitutis
706 4206 850 4271 Afrorum
888 4204 1124 4289 indignissimae
1166 4202 1406 4286 teterrimaeque

158 4306 281 4392 plenior
302 4308 462 4393 aliquanto
484 4310 621 4396 oognitio
642 4309 788 4377 oontiuuo
811 4308 1017 4375 inflammavit
1039 4309 1167 4387 animos,
1191 4306 1285 4374 etad
1310 4324 1404 4389 quae·

159 4410 259 4477 reuda
280 4412 416 4479 remedia
431 4414 507 4480 ieoit
520 4413 647 4493 alacres,
669 4412 875 4481 humanitatis
889 4415 983 4481 simul
1000 4412 1202 4497 caritatisque
1217 4411 1407 4476 christianae

159 4514 302 4583 sensibus
324 4534 510 4602 magnopere
533 4518 686 4599 excitatis,
710 4538 771 4585 non
792 4518 895 4604 inepte
911 4518 1100 4597 oouiioimns,
1122 4517 1273 4601 quantum
1290 4532 1326 4579 ex
1342 4512 1405 4578 Eu-

191 4626 545 4679 mmvmunsumue
563 4630 630 4683 nra
1282 4620 1302 4685 9
