3184 4842
308 221 370 281 mo
389 222 474 281 xrrr.
493 224 536 281 ιι.
559 224 722 285 seorsus
741 225 783 281 ao
801 224 938 295 arcum.
958 224 1180 281 carosanum.
1303 206 1367 272 433

125 396 192 479 ipsa
206 395 393 462 documenta
406 414 514 463 rursus
529 414 814 476 commemoramus,
836 414 943 461 rursus
957 375 1157 475 inculcamus,
1179 416 1233 481 spo
1253 413 1368 483 mogus

125 499 207 580 freti,
230 500 294 565 fore
315 500 438 585 quidem
460 520 496 567 ex
519 501 728 567 admonitione
748 504 780 567 et
803 501 993 567 auctoritate
1007 500 1122 566 Nostra
1140 503 1176 566 nt
1191 502 1365 568 animorum

126 605 228 671 motus
251 606 333 689 apud
357 624 409 672 vos
431 625 484 690 per
506 607 562 672 hos
585 606 650 671 dies
673 604 796 671 excitati
822 604 990 683 resideant,
1017 605 1238 672 confirmentur
1259 623 1367 673 omnes

127 714 158 774 et
181 709 398 793 conquiescant
419 711 453 775 in
475 710 552 789 lide,
584 710 615 775 in
639 708 803 795 obsequio,
832 710 864 773 in
894 710 978 774 iusta
1000 707 1166 794 debitaque
1188 729 1292 777 eorum
1316 730 1368 777 re-

127 813 280 893 recondis,
303 814 453 899 quisunt
475 830 583 881 sacras
605 813 769 898 potestatis
791 812 823 878 in
845 813 985 879 Ecclesia
999 815 1164 897 compotes.
1191 850 1229 863 -
1255 815 1367 899 Aqui·

126 918 183 983 bns
205 917 340 1001 protecto
361 917 475 985 officiis
493 936 552 984 nou
575 916 598 980 ii
621 916 721 983 solum
747 914 877 1001 putandi
900 920 973 983 eunt
995 916 1159 996 declinare,
1187 919 1240 1001 qni
1263 907 1364 984 recto·

126 1041 192 1087 rum
217 1022 435 1089 auctoritatem
458 1022 566 1105 aperta
588 1020 688 1087 lronte
710 1020 882 1107 repudient,
905 1020 960 1087 sed
982 1020 1004 1086 ii
1028 1040 1087 1087 non
1102 1023 1216 1098 minus,
1239 1024 1293 1106 qui
1309 1022 1367 1087 sd-

127 1120 294 1191 versentur
317 1129 351 1191 et
381 1127 555 1211 repugnent
583 1124 695 1192 callide
726 1124 957 1211 tergiversando
980 1126 1014 1191 et
1033 1124 1168 1211 obliquis
1188 1124 1366 1193 dissimula·

126 1230 228 1314 iisque
249 1230 394 1298 consiliis.
437 1229 640 1297 obedientiae
662 1248 736 1297 sera
757 1232 870 1297 otnon
894 1230 999 1295 luosts
1022 1230 1121 1296 uirtus
1144 1250 1203 1297 non
1225 1234 1275 1299 est
1297 1248 1366 1297 oon·

125 1335 214 1399 teuta
236 1334 353 1413 serbis,
371 1333 440 1401 ¹secl
473 1335 507 1401 in
537 1336 640 1403 auimo
674 1334 869 1419 potissimum
902 1336 934 1401 et
963 1333 1123 1401 voluntate
1149 1336 1302 1403 consistit.
1325 1372 1368 1383 -

127 1436 279 1519 Quoniam
299 1457 370 1506 sero
393 1438 483 1524 culpa
508 1438 615 1524 agitor
637 1441 741 1505 certae
762 1438 903 1506 coisdsm
933 1438 1155 1522 ephemeridis,
1182 1437 1283 1504 lacere
1310 1452 1367 1503 ne·

127 1561 280 1626 qusquam
312 1562 473 1627 possumus
502 1543 576 1627 quin
606 1542 783 1609 auctoribus
814 1542 1045 1627 ephemeridum
1069 1541 1232 1609 catholicis
1254 1542 1369 1609 iterum

127 1646 367 1731 praecipiamus,
396 1650 432 1713 ot
454 1646 639 1713 documenta
660 1648 692 1712 et
711 1646 918 1730 praescripta,
949 1662 1078 1729 qnorum
1098 1662 1191 1729 supra
1213 1648 1262 1711 eet
1286 1646 1369 1711 laeta

127 1750 252 1827 mentio,
275 1752 322 1817 uti
346 1751 431 1837 leges
449 1755 573 1819 sanctes
588 1752 761 1830 vereantur,
781 1766 880 1835 neque
895 1752 935 1838 ab
951 1752 997 1816 eie
1011 1750 1075 1816 ullo
1090 1754 1182 1835 pacto
1197 1753 1367 1820 discedant.

128 1856 212 1921 ldem
233 1858 393 1939 praeterea
415 1856 472 1922 hoo
494 1858 527 1922 in
549 1856 662 1923 animis
686 1874 863 1940 persuasum
884 1855 1021 1924 habeant
1042 1857 1075 1921 et
1096 1856 1240 1936 defixum,
1264 1874 1297 1921 se
1319 1860 1370 1923 oi·

128 1960 250 2041 mirum,
273 1962 299 2025 si
322 1978 450 2045 usquam
467 1962 634 2044 praeterire
649 1958 726 2025 illud
744 1960 933 2044 propositum
949 1960 984 2025 et
1000 1958 1118 2027 indicio
1132 1978 1188 2037 suo
1207 1960 1371 2044 indulgere

127 2082 187 2129 non
210 2064 363 2145 dubitent,
385 2066 451 2131 sire
474 2064 712 2149 praeiudicaudo
733 2064 814 2149 quod
833 2064 1013 2149 Apostoliee
1030 2064 1125 2131 Sedes
1146 2066 1279 2131 nondam
1295 2084 1370 2131 cen-

126 2168 238 2247 suerit,
270 2170 335 2237 siro
369 2171 588 2236 auctoritatem
624 2170 844 2254 Episcoporum
873 2168 1039 2247 laedendo,
1075 2169 1196 2253 sibique
1222 2186 1290 2234 eam
1314 2186 1368 2233 ar·

127 2274 261 2358 rogando
286 2292 378 2358 quam
405 2274 520 2341 habere
540 2292 599 2340 non
622 2280 767 2357 possunt,
802 2274 917 2340 trustra
945 2273 1069 2339 omnino
1095 2273 1265 2352 confidere,
1299 2290 1368 2359 per·

127 2395 252 2443 munem
275 2376 420 2445 catholici
443 2377 576 2444 nominis
598 2378 721 2445 leudem
751 2378 901 2457 resuere,
936 2378 993 2444 aut
1022 2376 1085 2443 ollo
1114 2377 1204 2443 modo
1226 2377 1369 2462 prodesse

127 2500 238 2547 essese
249 2482 463 2549 sanctissimae
478 2483 746 2567 nobilissimseqne
761 2500 859 2566 posse,
874 2498 968 2567 quarn
980 2481 1128 2547 tuendam
1138 2481 1368 2565 ornandamque

126 2588 336 2671 susceperuut.
358 2622 400 2635 -·
422 2587 490 2653 Iam
512 2604 584 2653 vero
605 2588 662 2653 lroo
682 2587 745 2653 lios
768 2604 963 2669 summopere
984 2587 1138 2669 optantes,
1161 2596 1198 2651 ιιι
1220 2586 1260 2651 ad
1281 2586 1368 2651 esni-

126 2690 225 2757 tatem
248 2690 378 2756 redeant
398 2692 583 2775 quicumque
605 2691 785 2770 erraverint,
810 2694 842 2757 et
863 2692 1044 2775 obsequium
1062 2708 1219 2755 sacrorum
1236 2691 1371 2756 Antisti·

126 2798 195 2860 turn
218 2796 250 2860 io
269 2796 407 2861 omnium
423 2796 535 2861 animis
553 2794 676 2879 penitus
691 2797 861 2874 inhaereat,
885 2793 1095 2879 aposcolicam
1112 2791 1370 2873 benedictionem,

125 2898 196 2980 tibi,
221 2898 411 2965 Venerabilis
435 2900 554 2981 urerer,
577 2902 746 2985 cunctoque
761 2901 843 2967 clero
858 2902 891 2967 et
906 2900 1016 2984 populo
1032 2903 1095 2977 tuo,
1116 2902 1263 2983 paternae
1277 2900 1368 2964 bene·

128 3002 281 3071 solertiae
302 3006 335 3070 et
357 3005 498 3077 cantatis
519 3005 642 3083 testem,
666 3006 696 3070 in
723 3006 853 3071 Domino
876 3004 1080 3088 impertimus.

232 3127 347 3192 Datum
373 3126 487 3192 Romam
509 3127 590 3211 apud
613 3126 644 3194 S.
669 3126 813 3207 Petrum,
844 3128 893 3193 die
919 3126 967 3191 li.
992 3124 1171 3191 Decembris
1194 3125 1252 3191 An.
1275 3122 1360 3187 1888

129 3228 331 3295 Pontidoatm
355 3230 460 3296 Nostri
485 3230 663 3297 UndeoImo.

1008 3368 1072 3434 Leo
1094 3367 1156 3434 PP.
1176 3364 1264 3432 XIII.

161 4682 252 4735 broliis
267 4658 508 4735 ror'lsnouenrecnt.
527 4682 591 4731 LXI.
