3184 4842
211 144 274 211 340
434 161 542 229 Nllles,
561 158 607 218 Da
625 161 705 233 disp.
723 166 759 230 iss
777 161 834 220 sol.
853 164 941 237 solip.
960 166 1034 222 cast.
1052 168 1124 221 voto
1143 178 1228 229 conc.

209 338 241 402 in
263 337 326 403 alia
347 335 473 425 pietatis
488 355 524 402 ao
539 335 862 425 poenitentiaeopera,
883 335 1004 427 tamdiu
1021 337 1180 416 duratura,
1204 336 1351 423 quamdiu
1367 355 1451 427 eorn-

208 441 377 535 mirtatioui
400 437 578 527 hujusmodi
598 441 688 509 locus
708 438 786 522 erit,
819 442 902 506 inter
932 459 1013 527 quae
1042 443 1105 509 siut
1135 439 1239 529 aliqua
1259 440 1300 508 ab
1323 436 1453 522 Qra'toro

210 541 347 631 quotidie
367 544 527 625 iacienda,
557 564 635 630 quae
665 544 821 629 spirituali
851 546 918 630 oJus
943 547 1020 613 bono
1044 548 1144 631 magis
1168 546 1306 631 expedire
1326 546 1452 632 judiea-

210 651 305 729 rerit‚
336 669 373 717 so
393 650 439 717 ita
461 652 497 716 ut
518 650 602 734 ipse,
632 649 732 733 quoad
756 650 884 729 vixerit,
908 670 1027 719 mernor
1041 650 1116 719 ”esse
1134 651 1454 735 possitobligntionis

208 773 292 821 suae.
315 790 359 803 «-
382 754 468 821 Soiat
488 756 593 821 antem
616 752 730 820 Orator
758 771 792 821 se
815 756 921 821 eontra
949 755 1127 839 praelatura
1157 756 1319 821 oaelitstis
1347 760 1453 840 potum

208 856 381 939 iacturum,
411 857 436 925 ai
459 861 547 927 extra
569 857 691 924 licitum
714 857 906 925 matrimonii
930 878 1020 925 usum
1043 858 1136 946 (quod
1158 858 1253 949 absit)
1275 858 1456 948 deliquerit,

208 969 240 1033 et
260 967 288 1039 si
310 963 442 1051 mulieri,
465 984 560 1056 quam
582 964 613 1032 in
637 982 759 1031 uxorem
775 964 876 1043 duest,
898 964 1112 1049 superrixsrit,
1132 965 1171 1031 ad
1187 955 1367 1040 castitatem
1389 950 1455 1029 ser-

208 1070 338 1138 uandam
361 1070 485 1149 omuino
505 1067 758 1154 tenemutpots
779 1068 886 1145 eodem
908 1072 978 1137 uoto
996 1072 1038 1139 ‚ut
1059 1069 1144 1155 prius
1170 1068 1385 1149 obstrictum„
1398 1089 1456 1145 uec¹

208 1174 293 1243 aliud
320 1173 554 1241 matrimonium
584 1175 768 1245 oostrabero
793 1192 881 1258 posse
911 1176 1029 1260 absque
1050 1194 1127 1242 nara
1140 1174 1181 1242 VS.-
1204 1175 1292 1243 Sedis
1314 1174 1455 1243 iioestie.

208 1279 371 1345 Caeterum
394 1278 552 1345 Sanctitas
578 1276 643 1343 Sua
672 1277 896 1362 injungendum
927 1279 1027 1345 voluit
1058 1278 1199 1358 Oiatai,
1235 1280 1337 1363 prout
1359 1278 1455 1361 hujus

207 1383 360 1467 Resormti
382 1386 488 1449 tenore
509 1379 699 1469 injungitur,
734 1386 769 1449 ut
799 1378 1132 1478 CommendamUSaorl
1157 1379 1306 1449 Militari's
1326 1378 1455 1449 Ordinis

207 1487 365 1566 dimittat,
390 1491 421 1553 et
444 1489 474 1554 iu
496 1489 652 1573 posterum
675 1487 772 1571 ipsius
786 1486 967 1573 *privilegiis
989 1489 1113 1569 omuino
1131 1490 1260 1571 sarem:
1283 1487 1455 1572 Contrariis

206 1593 451 1676 quibuscumque
470 1609 530 1657 non
550 1588 756 1661 obstantibus.
806 1590 933 1661 Romae.
1165 1657 1168 1673 ,
1291 1579 1297 1591 ’
1408 1588 1410 1592 ’

623 1693 1075 1781 sauromatarum.
1226 1726 1229 1736 s
1286 1726 1294 1758 -.
1349 1748 1351 1755 ,
1389 1726 1420 1750 0

312 1799 361 1884 (L.
383 1795 433 1884 S‚)
900 1800 938 1867 L.
961 1800 1113 1886 Soepliod
1136 1799 1358 1869 Pro-Semina:
1386 1833 1390 1839 ·

290 1921 398 1987 ‘lutra
419 1921 540 1987 eosdem
565 1921 661 1987 ferme
683 1920 831 1988 terminos
855 1920 929 1987 Pius
947 1920 1009 1989 PP.
1026 1916 1098 1988 v11.'
1120 1922 1351 1997 »matrimonia
1369 1922 1450 2009 qnae

206 2028 241 2091 iu
262 2025 394 2104 Galliis,
417 2028 556 2107 tempore
584 2044 716 2111 maguae
737 2026 995 2109 perturbationis,
1026 2030 1094 2097 tum
1117 2047 1137 2096 a
1157 2026 1342 2114 olarioiainr
1356 2028 1451 2091 saeris

207 2131 364 2198 ordinibus
386 2130 565 2197 eonstbute's
594 2131 663 2197 tum
691 2130 787 2197 etiam
815 2150 835 2197 a
864 2131 1060 2217 regularibus
1090 2132 1252 2216 utriusqbe
1279 2148 1448 2201 &marso-

206 2237 351 2302 lemn‘itsr
374 2234 518 2320 professis
539 2234 693 2320 saerilege
715 2238 747 2301 et
774 2235 900 2303 ualliter
930 2236 1053 2303 lberoni
1084 2238 1260 2315 attentata,
1282 2244 1447 2320 'essm's‘par-

206 2334 344 2407 tentibus
379 2338 617 2406 misericorditer
649 2336 853 2423 dispensando
889 2339 1055 2407 roraiidari
1089 2340 1271 2425 permisite:
1306 2342 1449 2431 manente

206 2443 343 2523 scilieet,
360 2509 364 2513 ,
380 2449 416 2509 ut
441 2441 473 2511 iu
501 2446 606 2511 nostro
640 2445 697 2512 boo
728 2462 821 2525 casu,
855 2464 926 2511 oum
951 2444 1072 2513 rinoulo
1094 2444 1252 2511 eastitatis
1275 2443 1448 2529 conjugalis

206 2550 318 2615 striata
338 2548 527 2634 obligatione
552 2567 571 2615 a
592 2548 735 2616 secundis
756 2550 875 2633 nuptiis
896 2548 1081 2619 abstinendi.
1099 2588 1110 2619 a
1122 2550 1161 2617 st
1182 2550 1252 2634 jure
1265 2536 1446 2623 merdosa

206 2654 267 2719 fuit
300 2653 489 2737 dispensatio
522 2653 676 2719 restricta.
740 2650 829 2733 Quod
863 2652 948 2720 enim
979 2654 1018 2721 de
1050 2653 1205 2737 qualibet·
1223 2653 1448 2737 &nmatione

205 2756 378 2840 generatim
401 2757 502 2835 valet,
523 2760 561 2822 ut
587 2775 675 2823 »eom
697 2759 806 2841 utpote
828 2757 1053 2824 exorbitantem
1073 2778 1092 2824 a
1113 2759 1182 2843 jure
1205 2754 1344 2842 oporteat
1366 2758 1448 2823 relat

204 2860 342 2926 odiosam
361 2860 508 2945 restringi
519 2858 545 2945 ¹)
555 2886 582 2938 ‚‹
607 2859 695 2926 ideo
718 2859 766 2926 sei
789 2859 891 2949 magis
911 2860 1049 2927 iubant
1072 2858 1332 2947 dispensationem
1345 2860 1445 2953 *aaa

202 2984 298 3053 quum
323 2963 465 3033 Pontifex
490 2982 579 3031 »oum
603 2964 779 3049 hujusmodi
810 2966 947 3051 personis
976 2964 1076 3033 solum
1106 2965 1145 3029 ad
1175 2965 1325 3051 duritiam
1351 2963 1446 3047 cordas

203 3086 329 3136 eorum«
354 3068 545 3153 dispensasse
565 3067 689 3155 legatur
702 3068 738 3155 ²).

730 3224 911 3309 Appendis.
1037 3306 1039 3311 ¹

239 3382 243 3385 ·
357 3320 532 3431 baasam
558 3362 681 3433 errae
704 3362 775 3431 PP.
800 3364 871 3431 ιιι.
898 3365 961 3433 »ux
983 3366 1071 3450 nuo
1093 3365 1157 3453 (au.⁴
1183 3366 1305 3453 arse).-
1379 3328 1381 3333 ’

304 3505 519 3589 adpraesens
541 3503 598 3571 boo
618 3504 699 3589 juris
721 3508 815 3590 eaput
837 3504 899 3571 rite
920 3504 1178 3591 intelligendum,
1212 3508 1289 3573 baso
1312 3512 1387 3575 sunt
1413 3526 1444 3575 er

200 3609 296 3675 titulo
320 3610 377 3675 »de
398 3608 596 3675 wusersione
616 3608 872 3693 ooujngatornms
897 3610 942 3694 (3,
966 3610 1022 3689 82)
1044 3629 1081 3676 ex
1103 3610 1207 3677 ordine
1230 3610 1411 3679 recolenda:

305 3713 439 3797 liniare
462 3714 592 3778 naturae
615 3714 662 3777 vir
681 3712 863 3797 religionem
886 3714 1009 3799 ingredi
1034 3732 1091 3779 non
1115 3716 1216 3798 potest
1236 3709 1442 3781 madantensi

201 3817 364 3902 ignorante
389 3836 495 3884 uxore.
672 3888 692 3902 1,

305 3921 394 3987 Unde
415 3924 523 3987 votum
544 3922 702 3991 eastitatis
723 3942 743 3989 a
764 3924 931 4009 conjugato
955 3925 1023 3989 sine
1054 3924 1180 3989 lieentia
1201 3924 1305 3988 uxoris
1327 3925 1360 3989 in
1381 3941 1442 3988 mo

201 4027 336 4094 uasterio
364 4026 512 4093 emissum
544 4047 605 4095 non
634 4031 720 4097 tenet
749 4027 851 4113 quoad
885 4028 1104 4111 protessionem
1136 4026 1331 4115 regularem
1366 4014 1439 4095 sslel

199 4133 304 4197 autem
328 4132 448 4197 ratione
472 4132 535 4197 uoti
558 4133 746 4219 (simplicis),
769 4133 889 4216 »quoad
912 4152 1049 4217 eaquae
1074 4138 1164 4200 erant
1183 4133 1216 4197 in
1233 4132 1372 4198 voventis
1391 4150 1437 4215 po

198 4236 332 4314 testate,
363 4236 485 4302 soilioet
507 4254 566 4301 non
587 4237 707 4321 exigere
730 4236 911 4315 debitum«
949 4224 1007 4301 nisi
1042 4236 1123 4304 forte
1155 4238 1302 4318 emissum
1337 4236 1436 4301 inissa

306 4445 331 4513 i)
351 4443 380 4499 0.
398 4446 427 4501 Is
444 4446 492 4516 qui
515 4446 538 4500 1.
556 4443 590 4500 de
608 4445 672 4499 filiis
689 4446 838 4517 presbyter.
857 4446 885 4501 in
906 4447 931 4501 6.

302 4529 330 4597 2)
347 4529 387 4585 Ex
405 4531 493 4588 litoris
510 4530 624 4600 apostol.
642 4531 678 4586 sd
695 4532 807 4603 episcop.
826 4532 898 4589 Gall.
917 4532 979 4589 dd
1001 4534 1041 4588 ll.
1063 4532 1142 4589 seor.
1162 4532 1239 4591 1809.
