3184 4842
237 188 298 259 148
430 206 501 266 biit.
521 224 589 281 epp.
609 205 940 282 8888818828888.
961 205 1034 265 1888
1054 206 1096 264 ud
1113 223 1151 263 aa.
1171 203 1305 262 Patrem.

338 380 956 467 1888888888188888188888188188
984 380 1042 447 illa
1070 379 1212 459 decreta,
1242 380 1320 444 nulli
1350 378 1477 444 dubium

236 508 302 557 esse
325 488 427 573 potest
449 506 551 553 rerum
576 486 752 553 italicarum
777 487 895 551 statum
918 485 967 551 vel
986 485 1088 550 obiter
1109 483 1324 550 consideranti,
1359 484 1477 567 ›lupri-

236 593 295 659 mis
316 590 570 658 vindicandorum
592 589 680 657 Sedis
703 589 899 674 Apostolioae
920 587 1111 672 Romanique
1133 587 1336 653 Pontificatus
1363 586 1479 653 iunium

237 697 344 763 volunt
368 715 534 781 poenarum
558 697 643 760 metu
667 694 784 777 eripere
808 693 1009 759 facultatem«
1042 692 1110 779 (cir.
1132 691 1268 758 Allocut.
1293 692 1325 757 in
1346 690 1478 757 0888181.

237 803 309 869 bab.
332 801 404 867 Kal.
427 801 497 867 Iun.
522 798 620 885 1888)
644 801 676 864 et
697 798 961 882 expostulantium
982 815 1070 862 voees
1085 796 1209 862 silentio
1225 797 1379 861 intentato
1394 815 1479 860 com·

236 924 368 990 pascere.
403 904 550 970 18888118
572 920 645 969 8888
670 902 701 967 18
725 902 904 967 christianis
926 900 1032 985 reguis
1055 901 1131 966 baec
1153 899 1292 965 iustitiae
1316 900 1479 984 perversio,

136 1010 137 1013 ’
237 1012 272 1075 81
296 1009 390 1075 118881
411 1009 537 1093 impune
560 1008 617 1072 sub
649 1007 718 1073 luco
752 1005 922 1072 ementitae
954 1006 1101 1071 scientiae
1134 1005 1362 1071 incredulitatis
1396 1005 1482 1071 virus

236 1112 458 1190 disseminare,
493 1112 662 1177 Ecclesiam
697 1110 824 1194 eiusque
858 1110 1014 1175 ministros
1045 1130 1082 1175 88
1115 1108 1312 1175 sanctissima
1335 1108 1482 1174 instituis

238 1219 391 1283 criminari
424 1221 456 1283 et
485 1216 659 1293 traducere,
689 1216 862 1281 iniustitiae
891 1218 924 1281 ot
946 1216 1224 1281 sacratissimorum
1247 1214 1360 1279 iurium
1385 1213 1481 1279 viola·

236 1320 315 1386 11881
339 1322 396 1385 sub
420 1323 579 1405 praetextu
601 1320 768 1405 aequitatis
791 1322 824 1384 et
846 1320 940 1404 patrii
963 1320 1076 1385 amoris
1099 1318 1294 1402 patrocinari,
1318 1316 1480 1383 Summum

237 1424 270 1489 18
292 1424 384 1490 terris
405 1424 522 1492 Christi
545 1424 704 1490 Vicarium
727 1424 846 1508 probris
868 1427 900 1489 81
923 1423 1119 1489 coutumeliis
1141 1422 1283 1501 attinere,
1315 1439 1413 1505 neque
1436 1423 1481 1485 188

236 1527 298 1605 811,
321 1530 428 1594 contra
452 1530 579 1595 iniurias
602 1529 703 1613 speeie
726 1528 877 1595 18188888
899 1528 1087 1611 reipublicae
1109 1527 1215 1593 illatas
1237 1526 1481 1609 servitutemque

236 1628 392 1697 Ecclesiae
416 1632 628 1698 imminentem
652 1632 799 1716 dogmata
818 1632 993 1698 christinus
1012 1650 1157 1707 asserere,
1178 1631 1397 1696 intemeratam
1411 1648 1479 1693 ma-

235 1734 374 1801 trimonii
396 1736 558 1801 christiani
582 1736 782 1801 sanctitatem
805 1739 837 1801 et
866 1733 1078 1802 indissolubile
1107 1735 1263 1801 vinculum
1293 1732 1394 1810 tueri,
1425 1752 1480 1798 ca·

235 1840 371 1905 18888188
393 1840 622 1907 criminantium
647 1840 803 1924 repellere,
827 1839 1018 1905 inviolabilia
1041 1840 1170 1905 Romani
1192 1837 1395 1905 Pontificatum
1410 1838 1479 1902 iura

239 1944 405 2013 vindicare.
449 1944 609 2011 Iniustitia
632 1944 689 2010 illa
712 1945 803 2028 plena
825 1945 944 2026 gaudet
961 1945 1117 2023 libertate,
1137 1944 1221 2009 iusta
1243 1942 1379 2008 defensio
1394 1942 1481 2009 atro·

239 2046 327 2112 cibus
349 2047 496 2130 plectitur
519 2048 632 2132 poeuis.

340 2150 453 2217 Sedet
476 2152 513 2216 de
534 2154 662 2226 nostrie,
687 2152 871 2217 Beatissime
895 2152 999 2230 Pater,
1019 2152 1235 2237 conquerimur
1249 2150 1383 2216 iniuriis.
1407 2150 1481 2215 'ribi

236 2254 318 2320 euim
348 2254 497 2321 divinitus
531 2257 741 2323 concreditum
770 2259 820 2323 est
850 2276 961 2321 munus
995 2255 1139 2341 pascendi
1174 2256 1206 2321 et
1238 2253 1365 2340 regendi
1397 2254 1480 2319 ovile
1558 2243 1559 2300 i

236 2356 372 2435 christi,
397 2358 480 2423 Tuae
503 2377 594 2425 ouras
617 2361 772 2426 commisit
796 2360 947 2425 Dominus
966 2362 998 2426 et
1020 2379 1116 2444 agnos
1139 2362 1171 2425 et
1193 2378 1275 2424 oves.
1318 2358 1481 2441 Quomodo

238 2481 308 2527 vero
330 2462 397 2527 voci
421 2462 504 2531 Tuae
525 2466 594 2530 tuto
617 2465 779 2543 obedient,
812 2465 963 2549 quomodo
992 2466 1163 2548 praeceptis
1195 2463 1269 2529 Tuis
1290 2481 1398 2529 secure
1426 2481 1481 2547 pa-

236 2569 366 2644 rebunt,
398 2568 424 2631 81
449 2586 505 2631 vox
525 2567 592 2632 Tua
616 2568 665 2632 vix
688 2569 802 2634 emissa
824 2569 938 2653 iniquis
959 2568 1081 2653 legibus
1102 2567 1336 2650 intercipiatur,
1370 2565 1482 2649 Tuque

238 2670 372 2754 undique
395 2670 526 2737 videaris
549 2672 725 2757 impeditus,
750 2676 916 2757 quominus
935 2675 1083 2759 dogmata
1101 2672 1218 2738 Christi
1241 2671 1337 2737 libere
1364 2671 1483 2754 pandas

237 2776 401 2861 uobisque,
426 2776 515 2859 agnis
537 2778 569 2841 et
588 2777 712 2854 ovibus,
740 2778 771 2842 in
796 2780 979 2863 urgentibus
1001 2776 1241 2843 difficultatibus
1263 2776 1375 2841 statim
1396 2775 1483 2839 salu-

237 2877 357 2943 taribus
379 2877 516 2943 consiliis
538 2880 712 2948 subvenias.
769 2880 913 2965 Namque
942 2882 974 2946 io
1002 2883 1107 2965 prepis
1137 2880 1308 2947 christiani
1337 2879 1483 2953 salutem,

237 3000 295 3047 nou
327 2982 358 3046 iu
390 2982 537 3065 8888881
561 2985 705 3051 Pastoris
726 2987 828 3053 solam
854 2986 1050 3053 commodum
1079 2984 1306 3069 sapientissimo
1330 2982 1389 3049 Dei
1413 3002 1484 3066 pro·

237 3084 370 3151 videntis
393 3086 519 3153 consilio
541 3088 657 3154 factum
680 3094 738 3167 est,
761 3092 798 3155 ut
820 3090 954 3155 Romani
978 3090 1142 3155 Pontifices
1163 3088 1326 3171 temporali
1347 3087 1483 3171 quodam

237 3190 410 3275 potirentur
434 3210 529 3275 regno
552 3212 650 3275 neque
675 3193 738 3259 ulla
759 3197 915 3278 potestate
938 3194 1023 3259 civili
1043 3194 1295 3278 prohiberentur,
1328 3210 1366 3257 us
1397 3191 1484 3276 leges

239 3298 271 3359 et
294 3294 418 3359 decreta
440 3295 569 3374 188881,
597 3314 676 3379 8888
707 3297 745 3361 88
769 3316 899 3381 reguum
924 3298 980 3364 Dei
1003 3296 1223 3363 stabiliendum
1247 3295 1485 3362 dilatandumve
1556 3284 1558 3301 '

238 3401 409 3483 opportuna
431 3416 497 3465 8888
521 3400 706 3466 viderentur.

341 3501 471 3568 Lubenti
496 3507 598 3570 auimo
621 3506 828 3583 assentimur,
858 3506 1042 3573 Beatissimo
1067 3508 1177 3584 Pater,
1210 3506 1249 3570 iis
1269 3524 1349 3589 quae
1375 3502 1415 3569 de
1439 3501 1485 3570 oi·
1555 3525 1556 3532 ¹

237 3606 316 3672 118118
335 3606 514 3690 inritusque
537 3609 610 3674 cleri
635 3608 734 3673 italici
760 3610 817 3674 boc
838 3611 869 3674 iu
887 3610 1064 3675 discrimino
1079 3610 1296 3694 pronuntiasti.
1324 3606 1384 3673 His
1399 3608 1484 3672 enim

236 3712 268 3776 iu
292 3710 470 3795 regionibns
493 3730 598 3777 omnes
622 3714 695 3796 ipsis
719 3714 831 3781 nostris
854 3716 1044 3798 temporibus
1067 3714 1166 3779 edocti
1187 3712 1390 3797 proclamant,
1414 3713 1484 3775 inu·
1555 3719 1557 3754 ¹

235 3814 309 3880 tiles
332 3814 481 3880 eiusmodi
506 3835 571 3881 esse
594 3821 721 3883 conatus
747 3838 802 3883 neo
825 3819 940 3884 clerum
965 3819 1083 3883 muneri
1114 3837 1170 3884 suo
1194 3817 1316 3883 fidelem
1341 3816 1390 3881 vel
1413 3836 1483 3881 mc·

238 3917 341 3984 811818
360 3920 528 3985 8888811818
551 3920 598 3986 881
622 3922 710 4006 vagis
741 3922 833 3988 minis
863 3940 882 3987 8
911 3925 995 3989 recto
1026 3942 1160 4007 888888
1192 3921 1288 3987 officii
1317 3920 1486 3987 christiani
1554 3975 1555 3978 ,

238 4024 368 4089 tramite
390 4023 538 4089 deterreri
563 4044 660 4108 posse.
1554 4001 1555 4014 ἵ

342 4127 410 4193 Nee
432 4128 592 4212 quisquam
620 4129 680 4195 sibi
703 4130 897 4213 promiserit,
929 4131 993 4197 iore
1023 4134 1059 4197 ut
1088 4131 1227 4197 Ecclesia
1257 4132 1288 4196 vi
1318 4132 1351 4196 81
1380 4131 1486 4214 poeuis
1554 4117 1556 4180 ἱ

240 4234 357 4309 coacta,
381 4232 498 4298 serviat
518 4235 649 4317 tempori
676 4238 727 4299 ›et
748 4234 858 4301 flectat
879 4254 912 4302 se
934 4240 1027 4321 atque
1050 4236 1262 4302 accommodet
1283 4235 1322 4299 ad
1346 4252 1484 4318 eaquae

242 4334 273 4399 in
298 4335 550 4403 administrandis
573 4338 711 4423 imperiis
734 4340 884 4406 hodierna
904 4359 997 4424 quam
1014 4340 1124 4407 dicunt
1138 4340 1301 4424 prudentia
1316 4338 1485 4404 desiderat.

235 4438 391 4519 »Quorum
414 4442 577 4525 quidem,«
610 4445 645 4508 ut
677 4444 908 4528 sapientissima
937 4445 968 4509 18
998 4444 1172 4530 lincycliois
1194 4444 1270 4509 Tuis
1294 4442 1422 4509 bitteris
1445 4442 1486 4507 de

233 4540 376 4610 libertate
397 4546 533 4613 bumana
555 4548 704 4627 docuisit,
730 4552 798 4615 »est
820 4551 952 4617 honesta
971 4550 1145 4629 sententia,
1169 4550 1196 4616 81
1219 4550 1258 4616 88
1279 4548 1412 4635 quadam
1437 4548 1487 4611 in·
