3184 4842
232 160 296 229 432
479 177 536 237 Dte
555 177 745 251 btscbolltcto
764 180 944 238 doctoritot
961 183 1026 239 ono
1044 179 1095 239 dle
1113 177 1231 239 hesse.

232 352 340 437 Neque
362 370 432 419 nero
455 352 640 419 continenda
662 354 887 439 obtemperatio
913 357 977 436 ost,
1009 359 1096 441 quasi
1128 356 1242 424 linibus
1262 356 1296 421 in
1317 356 1409 424 rebus
1433 357 1476 424 ad

233 456 325 523 fidem
348 454 550 523 christianam
574 458 815 541 pcrtinentibus,
849 459 902 527 sed
926 460 1026 526 multo
1047 461 1182 545 amplius
1203 461 1403 544 proferenda,
1425 462 1475 527 ri·

88 578 90 583 ‘
233 560 346 627 delicet
366 560 406 627 ad
427 579 477 627 res
498 578 621 641 omnes,
648 580 857 647 quascumque
880 564 1063 648 episcopalis
1086 566 1224 650 potestas
1246 565 1474 649 complectitur.

232 664 313 733 Sunt
334 664 382 731 illi
413 664 537 748 quidem
566 666 598 731 in
632 667 742 751 populo
777 668 947 735 christiano
975 668 1049 734 lidei
1080 669 1207 736 sanctae
1239 669 1403 754 magistri,
1441 673 1477 737 at

139 770 145 775 “
232 770 394 854 praesunt,
429 768 524 835 etiam
548 772 705 854 tamquam
728 774 861 838 rectores
881 775 914 837 et
936 773 1048 853 duces,
1083 777 1177 857 atque
1198 774 1246 839 ita
1266 776 1414 857 praesunt
1439 778 1477 839 ut

233 874 272 941 de
293 873 451 941 bominum
475 873 591 953 salute,
624 894 700 959 quos
723 874 878 943 habenta
902 876 965 943 Deo
988 877 1140 956 uetitos,
1166 877 1226 961 ipsi
1248 877 1312 943 Deo
1330 878 1410 945 ratio
1431 878 1477 943 sit

234 980 273 1047 ab
296 978 359 1045 illis
382 978 548 1064 aliquando
568 976 731 1048 reddenda.
784 980 873 1046 Unde
907 979 1014 1047 existit
1044 982 1101 1047 illa
1135 982 1225 1047 Pauli
1258 982 1400 1065 Apostoli
1433 983 1476 1047 ad

234 1083 419 1151 christianos
443 1081 593 1151 hortatio:
620 1083 738 1151 obedite
753 1086 948 1167 praepositio
967 1087 1081 1153 vestrm
1102 1092 1132 1153 el
1151 1086 1307 1153 moturae
1323 1088 1388 1168 es'a3
1408 1086 1477 1169 ipsi

233 1190 319 1259 enim
341 1188 535 1273 pervigilant
564 1188 657 1269 quasi
685 1190 841 1255 rollonem
863 1208 925 1271 pro
946 1191 1115 1257 sumebas
1135 1191 1247 1257 smum
1269 1190 1476 1271 redditori1).

237 1332 276 1345 —
301 1294 413 1379 Liquet
434 1292 588 1359 enimvero
611 1294 643 1357 et
672 1293 867 1376 perspicuum
895 1296 945 1359 est
973 1293 1127 1378 duplicem
1154 1293 1313 1360 bominum
1341 1313 1411 1360 assa
1445 1296 1479 1359 iu

236 1398 372 1467 Ecclesia
394 1397 530 1465 ordinem
554 1396 686 1463 alterum
709 1396 748 1463 ab
771 1397 869 1463 altero
891 1400 1005 1463 natura
1026 1416 1083 1463 sua
1105 1397 1307 1476 distinctum,
1337 1401 1479 1482 pastores

233 1507 266 1571 et
292 1522 434 1589 gregem,
464 1501 495 1567 ld
523 1503 571 1567 est
597 1502 730 1567 rectores
752 1503 784 1567 et
806 1500 1049 1569 multitudinem.
1090 1502 1205 1569 Prioris
1226 1502 1342 1569 ordinis
1360 1521 1479 1568 munus

234 1609 282 1675 ast
304 1607 428 1686 docere,
455 1605 644 1691 gubernare,
677 1604 830 1671 moderari
854 1606 935 1672 ritae
958 1605 1172 1690 disciplinam,
1199 1606 1478 1690 praeoaptadare:

234 1712 363 1779 atterius
387 1728 457 1777 roro
487 1709 623 1777 cilicium
648 1709 790 1788 subesse,
824 1710 970 1794 obsequi,
1004 1715 1169 1795 praecepta
1198 1712 1302 1794 sequi,
1330 1710 1477 1777 bonorem

234 1816 390 1884 adbibere.
434 1814 589 1897 Quodsi,
615 1814 669 1898 qui
691 1815 817 1882 subesse
839 1814 978 1893 debant,
1003 1818 1106 1899 partes
1125 1835 1230 1882 eorum
1251 1815 1306 1899 qui
1327 1817 1403 1881 sunt
1423 1834 1480 1881 su-

102 1986 104 1991 ,
234 1921 363 2006 perieris
382 1918 498 1988 ordinis
520 1921 655 1998 sumant,
675 1918 722 1984 illi
746 1938 804 1985 uon
825 1920 914 1985 modo
933 1922 1049 1985 temere
1070 1924 1104 1985 et
1124 1919 1240 1985 iniuria
1258 1919 1389 1998 radunt,
1410 1919 1477 1996 sed,

233 2026 385 2111 qnantum
406 2024 439 2091 iu
460 2023 536 2109 ipsis
558 2025 615 2104 est,
638 2022 776 2089 ordinem
799 2023 839 2090 ab
863 2026 988 2091 auctore
1010 2023 1166 2091 Ecclesiae
1190 2024 1254 2090 Deo
1273 2022 1478 2108 prouidentia·

234 2131 311 2197 sime
339 2129 542 2197 constitutum
572 2126 712 2195 funditus
735 2129 924 2211 pervertunt.
952 2164 988 2175 -
1012 2126 1047 2194 si
1068 2146 1140 2194 roro
1161 2127 1242 2194 forte
1259 2128 1424 2213 quisquam
1445 2127 1478 2193 iu

234 2235 300 2319 ipso
321 2233 532 2320 cpiscoporum
554 2231 660 2300 ordine
682 2232 855 2315 reperiatur
881 2251 941 2299 uon
965 2251 1040 2300 suae
1062 2233 1139 2299 setis
1162 2251 1278 2299 memor
1300 2230 1476 2317 dignitatis,

234 2339 288 2424 qui
311 2338 492 2425 religionem
514 2335 609 2403 officii
632 2336 737 2420 aliqua
758 2354 794 2401 cr
821 2338 910 2420 purte
933 2336 1075 2403 videatur
1097 2336 1285 2416 deseruisse,
1314 2335 1395 2402 nibil
1416 2336 1479 2420 ipsi

234 2444 273 2511 ob
296 2462 366 2510 eam
388 2460 513 2510 causam
537 2440 575 2507 de
598 2441 753 2525 potestate
775 2459 832 2507 sua
852 2440 1031 2519 decederet;
1062 2443 1095 2507 et
1116 2440 1265 2527 quamdiu
1285 2442 1477 2507 commuuio·

235 2566 305 2614 nem
326 2566 398 2615 oum
423 2547 561 2613 Romano
583 2544 732 2615 Pontifioa
755 2544 929 2621 retinuerit,
949 2546 1086 2629 prolecto
1102 2564 1139 2612 ax
1152 2546 1221 2611 eius
1238 2544 1356 2612 ditione
1371 2546 1479 2611 liceret
1566 2597 1567 2600 ,

234 2650 350 2718 nemini
372 2650 597 2717 observantiam
620 2650 652 2715 iu
675 2668 745 2717 eum
768 2651 862 2733 atque
885 2649 1093 2717 obedientiam
1117 2649 1264 2718 minuere.
1298 2648 1479 2717 Goubaiu·
1566 2639 1568 2684 Ι

234 2754 355 2840 quirere
376 2754 409 2821 iu
430 2755 503 2821 acta
525 2753 752 2838 episcoporum,
779 2772 877 2839 eaque
903 2755 1107 2838 radarguere,
1136 2754 1223 2820 nullo
1248 2752 1340 2821 modo
1361 2753 1480 2821 attinet

235 2859 274 2927 ad
296 2857 452 2945 priuatos:
483 2876 588 2925 rerum
618 2857 658 2924 ad
689 2876 739 2925 eos
763 2857 926 2925 dumtaxat
947 2858 1080 2936 attinet,
1109 2858 1164 2942 qui
1192 2873 1281 2924 sacro
1310 2857 1479 2924 inordina

234 2963 299 3031 illis
320 2963 474 3047 potestate
493 2962 697 3041 antecedunt,
719 2961 882 3046 praecipue
903 2961 944 3027 ad
967 2962 1151 3029 Pontificem
1174 2963 1344 3035 marimum
1364 2964 1478 3048 quippe

234 3071 284 3137 cui
307 3066 451 3135 Christus
472 3085 531 3134 nou
554 3085 651 3153 agnos
675 3066 781 3147 modo,
813 3066 868 3133 sed
888 3085 975 3146 ones,
1007 3069 1160 3152 quotquot
1185 3067 1299 3152 ubique
1320 3070 1412 3146 sunt,
1440 3066 1478 3133 ad

235 3173 423 3259 pascendum
446 3170 645 3239 commiserit.
691 3171 734 3239 Ut
757 3190 929 3253 summum,
963 3172 995 3237 in
1025 3172 1114 3258 graui
1140 3172 1246 3258 aliqua
1272 3172 1477 3257 conquerendi

235 3276 383 3357 materia,
413 3294 590 3343 concessum
610 3277 659 3342 est
680 3294 745 3342 rem
772 3276 872 3343 totam
896 3274 935 3342 ad
958 3275 1141 3342 Pontificem
1163 3295 1325 3343 romanum
1349 3277 1476 3353 deleme,

234 3382 266 3448 id
287 3384 393 3447 tamen
415 3381 507 3447 caute
528 3379 761 3464 moderateque,
790 3376 1050 3463 quemadmodum
1080 3380 1221 3447 studium
1248 3380 1361 3447 suadet
1391 3398 1475 3446 com·

236 3486 338 3552 munis
357 3486 445 3565 boni,
469 3504 528 3551 uon
550 3483 741 3551 clamitando
764 3486 829 3564 aut,
854 3484 1063 3571 obiurgando,
1093 3484 1208 3570 quibus
1230 3484 1330 3551 modis
1347 3484 1476 3553 dissidia
1563 3547 1565 3552 .

236 3590 337 3656 serius
355 3589 596 3674 offensionesque
616 3588 789 3675 gignuntur
810 3589 866 3655 aut
886 3591 970 3656 certe
993 3592 1158 3676 augentur.

338 3702 404 3768 Ista
424 3722 527 3771 rerum
550 3701 669 3787 capita,
695 3720 773 3788 quae
801 3702 961 3785 potissima
982 3705 1073 3783 sunt,
1103 3722 1159 3771 nec
1187 3702 1320 3770 conuelli
1349 3704 1473 3788 meunt,
1562 3785 1564 3788 Ι

234 3804 308 3890 quin
339 3804 494 3873 Feclcsiee
521 3806 659 3893 regimen
689 3805 722 3873 iu
753 3825 900 3893 magnam
925 3807 1134 3874 contusionem
1154 3807 1474 3892 perturbationemque

234 3909 454 3994 compellatur,
489 3928 548 3977 nou
581 3910 678 3977 semel
707 3910 771 3977 Nos
799 3929 1041 3979 commemorare
1070 3912 1236 3980 babuimus
1258 3912 1290 3979 et
1312 3912 1472 3977 inculcare.

234 4013 317 4081 Setis
350 4013 517 4098 loquuntur
552 4017 584 4081 et
617 4014 749 4099 epistola
780 4016 821 4081 ad
852 4013 992 4101 legatum
1027 4015 1180 4083 Nostrum
1213 4016 1248 4083 in
1273 4014 1379 4083 Gallia
1404 4016 1473 4079 ate
1561 4077 1563 4084 .

234 4117 346 4185 iterum
371 4117 527 4186 commode
550 4117 713 4205 evulgata,
739 4120 771 4185 et
801 4119 881 4187 oliae
903 4120 1033 4188 subinde
1055 4120 1095 4186 ad
1118 4120 1392 4205 Archiepiscopum
1414 4118 1471 4183 Pa·

235 4222 404 4303 risiensem,
428 4222 467 4288 ad
490 4221 655 4308 Episcopos
678 4222 791 4309 Belgil,
815 4223 855 4289 ad
878 4224 1043 4291 nonnullos
1065 4242 1101 4291 ex
1122 4224 1230 4303 Italia,
1251 4224 1401 4309 binaeque
1422 4221 1472 4287 lit·

235 4328 319 4394 teras
341 4326 522 4413 linopclicae
545 4327 584 4394 sd
608 4326 771 4412 ldpiscopos
794 4330 863 4395 turn
883 4328 1015 4411 Galliae,
1036 4332 1104 4396 tum
1126 4328 1306 4414 Hispaniae.
1332 4328 1423 4395 Naue
1437 4342 1471 4393 es

341 4534 367 4603 1)
386 4534 454 4593 Heln.
472 4535 550 4605 xm,
572 4534 614 4592 1⁷.
