3184 4842
287 219 353 274 Zur
371 219 617 290 Interpromium
635 233 698 275 voss
717 233 740 274 6.
760 217 861 275 2611.
879 221 917 275 de
935 219 1150 291 1116666163,
1169 220 1217 275 38.
1333 202 1375 267 43
1481 187 1491 256 ss
1569 169 1582 263 i

128 389 323 448 accumulando
341 389 384 458 (61
401 389 531 460 probatur
550 391 578 444 in
597 406 619 444 6.
639 406 716 445 »oum
728 390 857 458 autemel,
872 390 920 446 ubi
933 389 962 446 in
974 391 1084 460 6611666
1096 392 1214 462 66166661
1227 395 1277 455 est,
1296 409 1376 462 6666

128 480 208 541 66111,
224 478 383 534 admittere:
402 494 467 547 ergo
485 478 616 547 sequitur,
637 477 708 547 quod
725 478 921 533 accumulatius
940 481 1032 547 petest
1047 481 1176 548 patronus
1195 477 1284 550 plures
1299 495 1376 550 prae·

130 568 247 630 sentare,
267 569 295 620 et
313 565 363 618 boc
381 581 433 620 non
452 563 603 619 dubitabile
622 566 663 618 est
680 563 752 632 apud
769 580 820 629 me,
839 567 892 620 666
911 569 1007 620 ettam
1025 570 1202 631 corrective,
1221 569 1253 620 ut
1267 565 1376 634 probari

130 653 240 708 videtur
260 653 387 707 6116116
404 652 467 706 1661.
486 669 508 706 c.
528 669 603 706 ’cum
623 655 746 717 autem,‹
773 651 841 708 bene
869 652 943 708 illiue
967 655 1059 708 textus
1086 652 1168 707 verba
1189 653 1376 722 ponderando:

130 757 196 795 nam
214 742 255 794 ast
272 737 312 793 ibi
330 755 421 804 casus,
448 738 520 809 quod
549 739 572 792 si
600 742 729 808 patronus
757 740 842 794 laicus
868 739 984 808 primurn
1011 756 1092 794 uuum
1111 739 1236 794 idoneum
1255 739 1377 810 episcopo

132 827 362 898 praesentaverit,
389 824 487 881 661666
504 825 684 897 postulaverit
702 826 786 880 alium
806 842 891 896 aeque
908 826 1049 892 idoneum,
1072 843 1126 882 non
1145 825 1264 881 refutato
1282 826 1377 895 primo,

132 915 162 966 in
180 911 274 969 66666
292 911 405 968 ecclesia
423 912 541 978 admitti,
561 911 632 983 quod
650 916 716 968 tuna
727 913 755 967 in
771 912 901 969 electione
913 913 1029 983 episcopi
1043 917 1093 978 est,
1112 929 1192 983 qnam
1206 913 1284 976 velit,
1301 930 1378 982 prae·

133 999 208 1063 lerri,
227 999 292 1070 quia
308 999 349 1056 116
368 999 473 1055 66666
493 1002 536 1054 661
553 999 580 1054 16
594 998 725 1056 electione
738 1001 864 1069 episcopi,
883 999 990 1070 quando
1002 1002 1131 1069 patronus
1145 998 1290 1054 seeundum
1302 1017 1377 1070 prae·

134 1087 253 1141 sentavit
269 1102 323 1140 666
340 1087 426 1157 primo
442 1087 577 1142 refutato:
602 1103 681 1156 ergo,
698 1087 749 1142 illo
767 1086 902 1151 refutato,
919 1103 972 1142 non
991 1086 1094 1142 dicetur
1111 1103 1170 1140 esse
1187 1086 1214 1139 in
1234 1086 1378 1141 electione:

133 1174 175 1228 ita
192 1172 348 1242 significant
364 1173 414 1228 illa
431 1173 512 1228 verba
530 1172 644 1230 ablativi
662 1173 795 1229 absoluti:
815 1191 869 1228 666
887 1173 1006 1228 refutato
1024 1173 1125 1243 6116161
1142 1189 1199 1241 arg.
1217 1171 1246 1226 L.
1261 1191 1278 1228 6
1294 1175 1378 1228 16616-

132 1261 193 1314 tcre
212 1257 245 1313 i).
264 1258 297 1314 de
313 1259 388 1317 cond
408 1262 435 1315 et
455 1259 614 1316 demonstn:
631 1277 662 1315 en
681 1259 777 1330 quibus
795 1259 920 1318 infertur.
938 1259 1010 1329 quod
1025 1263 1157 1328 patronus
1175 1258 1321 1315 secuudum
1333 1278 1379 1328 66·

132 1349 190 1402 1661
208 1349 396 1414 praesentare,
420 1363 473 1402 non
491 1347 611 1404 refutato
628 1347 731 1416 primo:
758 1349 824 1402 tuno
846 1361 939 1401 verum
957 1348 1012 1410 est,
1043 1345 1115 1416 6666
1131 1345 1199 1400 61611
1216 1345 1265 1401 1116
1281 1348 1379 1411 testor,

134 1431 207 1504 quod
226 1431 255 1488 in
273 1433 405 1488 electione
422 1433 460 1489 sit
477 1432 602 1504 episcopi.
622 1462 653 1472 -
672 1432 713 1489 Gi.
731 1433 887 1504 Seblaper,
904 1433 924 1488 1
940 1448 963 1490 6.
982 1432 1009 1488 6.
1027 1434 1052 1487 7.
1071 1433 1150 1488 166.

154 1607 195 1662 11.
228 1603 408 1672 166111.
427 1603 453 1660 S.
474 1603 521 1660 11:
544 1607 664 1675 666666
685 1621 743 1660 uus
762 1607 824 1660 den
842 1605 870 1660 S.
890 1605 986 1661 Rotae
1008 1605 1169 1659 Romanae
1191 1608 1363 1661 decisiones

308 1694 374 1748 6116
393 1695 453 1746 deo
471 1694 678 1748 resolutiones
699 1691 727 1746 6.
748 1691 1008 1764 06666666116616
1030 1689 1201 1760 cenetam).

241 1812 337 1867 Sacrae
355 1813 442 1868 Rotae
458 1813 596 1867 Romanae
613 1811 778 1867 decisionum
796 1813 976 1867 recentiorum
991 1829 1008 1866 a
1024 1813 1177 1880 Prospero
1192 1814 1379 1868 Farinuccio

134 1899 162 1955 J.
175 1899 205 1956 C.
225 1900 345 1954 Romano
363 1900 532 1963 selectarum,
550 1898 645 1954 Venet.
658 1898 792 1964 1116161.
809 1899 839 1954 P.
854 1901 879 1955 9.
892 1899 966 1953 Tem,
980 1898 1006 1953 1.
1021 1915 1046 1968 p.
1058 1897 1111 1954 462
1122 1896 1159 1968 (4.
1169 1899 1210 1954 12.
1221 1899 1300 1970 1643)
1311 1916 1337 1953 6.
1350 1900 1380 1953 5:

242 2025 248 2040 .
268 2027 275 2040 .
294 2025 301 2040 .
324 1986 450 2056 quiajos
468 1984 592 2040 variandi
612 2001 762 2041 eoncessum
782 1985 859 2040 laicis
878 1984 1050 2054 praedicatur
1069 1984 1102 2040 de
1121 1986 1270 2042 variatione
1292 2001 1382 2040 cornu·

135 2073 239 2137 lativa,
257 2089 309 2128 uon
329 2075 420 2128 autem
437 2072 587 2141 privativa,
608 2089 657 2127 nee
674 2075 800 2127 censetur
814 2087 961 2137 recessum,
992 2071 1116 2142 quamvis
1139 2088 1193 2127 non
1209 2073 1383 2144 exprimatur,

136 2159 209 2231 6666
228 2159 344 2215 secunda
361 2159 546 2231 praesentatio
563 2158 596 2213 iit
613 2160 785 2214 cumulative.

241 2245 271 2301 P.
291 2246 332 2301 14.
350 2263 375 2314 p.
393 2245 445 2302 439
465 2245 518 2316 (26.
538 2245 562 2300 2.
583 2244 660 2314 1666)
679 2264 704 2300 n.
723 2247 741 2300 4
757 2245 832 2316 66651

242 2331 319 2387 Licet
330 2335 470 2403 tamquam
482 2334 567 2388 laicus
578 2332 683 2388 6611666
689 2332 834 2401 661616661,
846 2333 1062 2390 animadversum
1071 2336 1164 2388 tamen
1175 2332 1235 2395 init,
1249 2333 1382 2403 6666666

138 2420 323 2490 praesentavit
341 2437 388 2489 per
403 2419 511 2475 modum
525 2419 755 2484 accumulationie,
770 2420 819 2475 666
829 2420 942 2492 661166
953 2421 1172 2490 praesentatione
1184 2419 1330 2475 recedendo
1340 2461 1348 2475 .
1358 2459 1380 2474 ..

243 2507 274 2561 P.
295 2507 335 2562 15.
353 2525 377 2577 6.
397 2507 448 2564 233
465 2507 501 2576 (6.
522 2507 546 2562 2.
567 2505 644 2576 1668)
663 2524 689 2562 n.
708 2505 737 2563 8:
769 2507 779 2540 ‘

241 2592 302 2649 Non
322 2594 425 2658 obstat,
451 2593 523 2663 qnod
541 2597 671 2664 patrenus
690 2593 831 2650 Scutarius
849 2595 923 2664 prius
941 2595 1156 2665 praesentaverit
1172 2592 1333 2650 1116166166
1351 2591 1386 2646 66

138 2679 200 2744 ara,
217 2679 314 2736 deinde
332 2679 501 2750 Caesareum,
520 2680 547 2736 6
562 2684 657 2750 666166
672 2684 817 2751 utramque
833 2683 1077 2752 praesentationem
1097 2679 1245 2737 revocando
1260 2694 1384 2750 praesen·

138 2769 242 2824 1666611
258 2767 413 2824 Santorium
430 2767 597 2833 Galeottum,
613 2769 739 2839 quoniam
754 2767 898 2823 Caesareus
914 2769 968 2824 init
983 2769 1138 2824 nominatus
1150 2765 1313 2822 cumulative
1325 2780 1385 2818 cum

139 2855 213 2910 dicto
230 2853 368 2918 1616116616,
389 2855 460 2926 6666
478 2855 512 2912 66
528 2857 589 2928 J'ure
605 2856 663 2911 lieri
681 2859 785 2926 potest:
803 2856 937 2912 dictarum
948 2872 1010 2911 6666
1024 2855 1238 2911 nominationum
1249 2852 1385 2907 revocatio

139 2942 217 2997 nollo
235 2942 312 2997 modo
330 2945 373 2997 est
389 2943 528 3012 permissa,
547 2943 618 3012 6616,
636 2942 702 2997 11661
718 2944 849 3012 66166666
867 2942 954 3017 possit
971 2943 1054 2998 semel
1071 2944 1180 2997 tautum
1193 2940 1330 2996 cumulare
1342 2941 1384 2992 ta·

139 3045 202 3083 men
217 3045 234 3083 6
252 3029 469 3099 praesentatione
485 3029 652 3085 6666161166
665 3029 737 3086 iacta
755 3047 809 3084 non
826 3030 902 3086 valet
920 3029 1041 3084 recedere
1055 3045 1169 3099 eamque
1181 3042 1306 3083 revocare
1307 3065 1386 3091 .....

245 3115 276 3170 P.
295 3117 336 3171 16.
354 3133 380 3185 6.
399 3115 451 3172 366
468 3115 504 3184 (4.
523 3115 547 3171 6.
567 3115 646 3184 1670)
665 3134 691 3171 6.
711 3116 741 3171 11
762 3131 838 3186 6661

244 3201 398 3264 Ρ6661666
416 3203 534 3270 6616661,
554 3202 625 3273 6666
644 3219 779 3258 successor
801 3201 917 3258 consulis
936 3199 1077 3257 corradini
1094 3203 1188 3269 postea
1207 3196 1387 3254 nominaverit

140 3292 169 3344 et
187 3289 401 3359 praesentaverit
420 3289 600 3354 vincentium,
619 3291 690 3360 quia,
711 3288 839 3353 admisso,
859 3286 939 3358 6666,
958 3287 1038 3342 616611
1056 3291 1209 3342 antecessor
1220 3288 1329 3355 poterat
1341 3300 1387 3337 66-

140 3377 227 3441 riare,
243 3375 284 3430 ita
307 3378 335 3432 et
353 3376 403 3432 hoo
420 3375 526 3432 licitum
545 3375 630 3432 inerit
650 3377 810 3431 successoris
829 3380 920 3429 tamen
939 3391 988 3429 nec
1004 3375 1106 3441 611666
1124 3388 1173 3427 666
1190 3371 1322 3427 secundus
1339 3388 1386 3440 po·

46 3507 52 3519 .
141 3465 255 3518 buerunt
273 3462 401 3519 variando
416 3462 538 3520 recedere
557 3481 574 3518 a
590 3463 678 3532 prima
695 3462 915 3531 praesentatione
934 3461 1010 3516 iliam
1026 3459 1184 3525 revocando,
1202 3458 1250 3514 sed
1266 3459 1387 3513 tantum-

143 3548 224 3604 modo
242 3550 404 3606 cumulative
423 3549 458 3606 ad
475 3550 621 3606 secundam
638 3549 771 3606 devenire.

249 3636 401 3694 Thesaurus
426 3637 621 3692 resolutionem
644 3636 671 3691 S.
694 3634 919 3707 Congragationie
943 3632 1070 3699 Consilii,
1098 3633 1173 3689 1616.
1192 3634 1234 3688 75.
1252 3633 1312 3703 67
1334 3630 1388 3697 (18.

249 3809 369 3867 Tandem
391 3813 536 3886 postquam
557 3810 706 3880 capitulum
728 3809 786 3878 janu
804 3807 955 3864 nominavit
974 3808 1167 3878 Presbyterum
1182 3807 1312 3875 tiermes,
1336 3823 1389 3862 nou

143 3901 253 3969 poterat
271 3897 381 3962 variare,
402 3899 430 3953 et
447 3896 475 3952 in
490 3897 642 3967 episcopum
657 3897 877 3964 compromissum
891 3896 987 3960 iacere,
1003 3899 1031 3950 et
1044 3895 1175 3965 derogare
1184 3894 1289 3964 juribus
1304 3891 1389 3963 primo

144 3985 284 4040 nominato
301 3985 431 4054 quaesitis
450 4024 456 4038 .
476 4025 483 4041 .
501 4027 507 4040 .
527 3985 563 4040 111
581 3999 744 4055 66666666
762 4000 793 4038 61
812 3982 981 4039 clementina
999 3982 1094 4038 Plures
1112 3983 1144 4038 de
1159 3981 1179 4051 j.
1197 3999 1223 4051 p.
1242 3981 1323 4037 liceat
1341 3995 1389 4050 pa·

143 4073 232 4127 166616
250 4071 340 4140 plures
357 4073 509 4137 nominare,
529 4073 559 4127 id
574 4076 666 4127 tumen
684 4074 795 4126 eatenus
814 4071 893 4137 licet,
913 4074 1046 4142 66616666
1065 4071 1244 4134 6666161166,
1260 4085 1313 4124 666
1335 4067 1389 4136 pri·

142 4157 237 4212 661166
254 4158 427 4214 nominentur
445 4202 451 4215 .
470 4199 476 4214 .
495 4199 502 4214 .
522 4163 551 4214 et
568 4161 701 4229 quatenus
718 4157 826 4226 patroni
844 4157 901 4212 sint
918 4157 990 4223 laici,
1009 4173 1068 4212 eum
1081 4154 1268 4213 ecclesiasticis
1280 4154 1390 4210 sublata

143 4243 183 4298 eit
200 4243 355 4299 cumulandi
372 4245 487 4302 facultas
503 4245 533 4301 in
554 4261 575 4300 6.
595 4261 671 4300 »cum
687 4247 795 4300 eutem«
814 4244 848 4299 66
864 4245 885 4310 j.
903 4260 929 4314 p.

251 4367 278 4439 1)
296 4368 346 4424 Bai
364 4369 519 4440 Sabloper,
537 4368 555 4424 l.
573 4383 595 4423 c.
614 4366 641 4421 S.
660 4365 738 4421 9311.

615 4521 926 4536 ἡ
