3184 4842
803 666 854 747 ΧΙ.

528 814 589 939 Str
617 812 653 895 u
679 814 716 897 ll.
743 812 868 897 leonis
895 812 1119 916 repastus

680 968 801 1039 Epistola
818 963 968 1039 iinoycliea.

204 1066 246 1123 sd
267 1066 438 1123 venerabiles
457 1066 566 1122 Fratres
581 1066 747 1135 Stephanum
762 1066 873 1121 Petrum
888 1064 922 1119 X.
938 1051 1124 1120 patriarchen
1137 1047 1249 1119 Ciliciae
1265 1062 1448 1132 dmhiepiaoo·
1577 1065 1579 1071 “

204 1172 250 1226 pos
264 1156 291 1209 et
304 1152 447 1224 Episcopos
460 1169 508 1208 nec
522 1168 574 1208 non
589 1150 623 1207 ad
638 1152 755 1207 Dilectos
765 1150 851 1207 Filios
862 1150 969 1207 Clarum
981 1151 1127 1206 monachos
1140 1166 1173 1207 ao
1184 1148 1312 1221 populum
1325 1148 1449 1205 Armenii

252 1260 253 1265 ¹
366 1240 447 1295 Ritus
463 1240 582 1311 gestiam
601 1242 630 1297 et
644 1238 856 1295 communionem
873 1238 1038 1307 apostolieae
1053 1238 1126 1293 sadis
1144 1236 1284 1294 babentes.

210 1346 634 1421 Venecbtliomlracricm
653 1352 811 1435 Stephano
834 1353 927 1419 Petro
946 1352 989 1418 X.
1008 1351 1217 1418 Putriorcbue
1233 1350 1365 1419 (liticine
1379 1352 1448 1415 Ar-

203 1447 407 1541 cbiepisccps's
430 1464 458 1523 et
482 1456 650 1541 Episcopis
675 1478 730 1523 nec
752 1476 816 1523 non
840 1456 972 1522 Dilectis
995 1456 1093 1523 ruem
1115 1455 1205 1522 Clero
1224 1454 1387 1521 mouentia
1408 1475 1448 1520 oe
1577 1486 1579 1500 =

198 1563 313 1646 populo
335 1563 482 1629 Armenii
505 1561 601 1629 Bitoco
620 1564 761 1646 pretinm
780 1566 808 1628 et
826 1561 1070 1627 communionem
1084 1560 1273 1643 apostolicae
1287 1558 1374 1625 sedis
1387 1558 1448 1623 to·

208 1672 213 1680 '
748 1666 895 1732 bentibus.

690 1788 765 1855 LEO
789 1788 850 1854 PP.
871 1786 960 1855 XiIl.

203 1920 401 1987 venerabiles
417 1920 550 1995 Fratres,
569 1918 683 1984 Dilecti
697 1918 762 1996 lilii,
778 1917 911 1983 salutem
927 1920 959 1983 et
974 1918 1174 2002 apostolicam
1191 1916 1446 1983 benedictionem.
1577 2014 1579 2017 y

307 2042 442 2106 Paterna
464 2040 596 2115 caritas,
619 2060 681 2123 qna
704 2042 806 2123 piantes
829 2056 935 2105 omnes
960 2038 1113 2105 Dominioi
1137 2039 1241 2123 gregis
1264 2038 1445 2122 complecti-

204 2165 290 2225 mur,
321 2144 545 2229 vincturaque
567 2163 624 2212 sua
645 2146 693 2209 ost
716 2142 884 2220 eiusmodi,
906 2144 943 2209 nt
965 2143 1065 2223 laeta,
1088 2144 1210 2220 tristia,
1232 2161 1446 2227 quaecumque
1577 2210 1579 2215 ,

204 2250 323 2333 uspiam
348 2248 572 2323 inebriatione
603 2248 762 2331 republica
793 2246 960 2324 euerriuut,
994 2248 1106 2315 intima
1139 2249 1203 2314 Nos
1237 2249 1446 2333 perpetuaque
1577 2279 1579 2346 ἰ

202 2353 479 2419 communicatione
500 2353 683 2420 ‘sentiamus
717 2352 828 2437 Itaque
848 2351 930 2418 sicut
951 2355 1045 2418 autea
1065 2371 1196 2437 mugnus
1218 2371 1255 2417 ao
1277 2352 1446 2418 diuturnus
1577 2357 1579 2448 ξ

201 2459 232 2523 in
257 2458 360 2523 animo
383 2456 497 2523 Nostro
520 2456 678 2522 insederat
700 2456 807 2533 dolor,
836 2455 917 2539 quod
947 2456 1073 2540 qnidam
1102 2476 1138 2521 ex
1168 2456 1316 2522 Armenia
1339 2458 1444 2542 geute,

202 2562 382 2644 praesertim
417 2562 449 2625 in
485 2561 558 2626 rurba
592 2559 881 2644 Constantinopoli,
916 2579 984 2627 cese
1017 2580 1035 2625 a
1067 2561 1202 2628 irrrtcrno
1230 2563 1318 2626 coeto
1341 2563 1444 2627 vestro
1577 2561 1579 2612 :

200 2664 422 2745 seiunxissent,
452 2664 499 2730 ita
529 2684 610 2729 nuuc
633 2664 786 2730 laetitiam
809 2664 948 2747 capimus
970 2663 1160 2749 singularem
1185 2684 1221 2731 ao
1243 2666 1447 2731 uehementer

200 2772 351 2855 optatam,
374 2768 455 2853 qnod
478 2768 639 2835 dissidium
663 2768 753 2846 illud,
779 2768 836 2835 Dei
860 2768 1017 2849 beneficio,
1041 2769 1201 2854 auspicato
1223 2769 1446 2853 conquieverit.

202 2874 284 2939 Dum
309 2876 417 2939 autern
433 2873 611 2940 restitutum
630 2874 723 2939 Vobis
743 2873 936 2940 concordiam
952 2892 1119 2958 pacemque
1134 2874 1339 2959 gratulamur,
1362 2876 1446 2941 toru-
1577 2911 1578 2946 3

201 2996 306 3063 parare
328 2976 426 3043 Nobis
448 2976 609 3061 nequimus
631 2978 707 3063 quin
726 2978 787 3043 Vos
811 2977 968 3043 hortemur
984 2977 1081 3055 enixe,
1104 2980 1141 3043 ut
1155 2976 1278 3043 diuinae
1294 2978 1447 3044 bonitatis

200 3084 265 3148 tam
294 3080 413 3166 grands
442 3100 555 3147 munus
584 3081 739 3148 crustodire
772 3081 879 3148 sedulo
911 3085 944 3148 et
975 3100 1091 3166 angere
1123 3082 1288 3149 studeatis
1315 3080 1447 3164 -Quo

200 3190 305 3251 autem
328 3184 386 3253 lroo
407 3184 647 3269 consequamini,
673 3185 818 3252 videlicet
839 3186 921 3253 idem
945 3205 1053 3270 sapere
1075 3185 1219 3270 idemque
1242 3186 1275 3251 in
1294 3186 1343 3265 iis,
1364 3205 1447 3270 quae
1577 3185 1579 3262 ᾗ

199 3290 237 3355 ad
262 3290 443 3376 religionem
467 3288 641 3373 pertinent,
671 3290 805 3368 sentire,
838 3293 959 3374 oportet
981 3309 1086 3356 omncs
1107 3290 1232 3373 quidem
1255 3294 1446 3370 constanter,

201 3399 236 3459 ut
259 3393 373 3471 tacitis,
396 3393 427 3458 iu
447 3394 619 3463 obedientie
638 3393 711 3459 huic
725 3394 925 3476 Apostolicoe
939 3394 1016 3461 Sodi
1028 3414 1233 3477 peromnem:
1255 3414 1308 3461 uos
1327 3398 1444 3475 antem,

200 3498 306 3565 dilecti
328 3500 403 3579 tilii,
429 3498 630 3565 Patriarcbae
649 3502 767 3578 restro,
791 3499 923 3583 aliisque
946 3500 1169 3579 Antistitibus,
1191 3501 1244 3585 qui
1269 3501 1355 3568 uobis
1376 3500 1448 3567 iure

199 3604 341 3688 legitimo
363 3608 520 3689 praesunt,
544 3602 677 3669 fideliter
698 3603 824 3669 subesse
843 3608 876 3669 et
892 3604 1114 3688 obtemperare.
1138 3642 1181 3653 -
1204 3606 1357 3689 Quoniam
1372 3623 1448 3671 vero

199 3710 237 3774 ad
262 3709 340 3775 bauo
361 3710 462 3792 ipsam
487 3708 662 3791 religiosam
685 3707 880 3774 concordiam
904 3708 1152 3775 labefactandam
1176 3729 1268 3793 saepe
1287 3709 1447 3776 suboritur

199 3812 317 3879 occasio
339 3831 410 3879 cum
434 3830 469 3878 cx
493 3811 734 3878 dissensionibus
752 3811 783 3876 in
802 3812 935 3896 publicis
951 3812 1094 3898 negotiis,
1117 3816 1185 3879 tum
1202 3817 1326 3899 propter
1338 3814 1449 3898 jurgia

198 3917 237 3982 de
259 3917 387 4000 privatis
409 3916 510 3995 mbas,
534 3916 650 3999 primas
672 3915 744 3981 illas
766 3936 785 3981 a
806 3916 892 3982 robis
914 3921 1018 3982 arceat
1041 3917 1141 3983 tidelis
1157 3937 1201 3997 ea,
1226 3938 1306 4003 quae
1321 3921 1447 4003 specta·

199 4022 321 4087 tissima
343 4022 376 4087 iu
397 4020 483 4087 vobis
505 4024 571 4098 est,
594 4020 791 4087 observantis
813 4023 846 4086 et
866 4020 1040 4086 animorum
1062 4022 1214 4089 subiectio
1237 4041 1314 4106 erga
1335 4042 1445 4107 supre-

198 4144 284 4191 mum
306 4124 503 4193 Othomauici
526 4126 649 4209 imperii
673 4124 857 4209 Principem,
878 4124 965 4191 ouius
985 4129 1145 4209 perspecta
1160 4126 1259 4193 Nobis
1273 4128 1322 4193 est
1336 4125 1447 4211 aequi-

200 4232 266 4309 tas,
291 4228 428 4296 studium
453 4229 621 4296 servandae
643 4228 745 4312 pacis,
766 4230 800 4293 et
821 4229 949 4315 egregia
970 4231 1002 4295 in
1027 4230 1092 4297 Nos
1116 4230 1258 4297 uoluntas
1277 4231 1449 4298 luculentia

198 4336 317 4401 testata
338 4332 473 4399 iudiciis.
516 4333 624 4418 Iurgia
645 4352 717 4400 vero
739 4352 775 4399 ao
796 4333 974 4401 simultates
996 4336 1125 4403 tucilea
1148 4334 1233 4401 robis
1255 4336 1396 4413 aberunt,
1416 4337 1449 4402 si

200 4438 309 4504 rostris
333 4439 490 4504 haeserint
511 4438 610 4505 delixa
634 4436 807 4516 mentibus,
831 4439 1026 4524 moribusque
1049 4458 1191 4523 expressa
1211 4439 1341 4517 fuerint,
1364 4459 1448 4525 quaa

199 4540 309 4609 beatus
334 4541 450 4607 Paulus
472 4542 614 4628 gentium
637 4541 803 4626 Apostolus
825 4542 923 4607 tradit
952 4542 991 4609 do
1019 4544 1152 4611 caritate
1181 4543 1336 4629 perlecta,
1363 4562 1449 4630 quae
