3184 4842
737 725 815 807 ΧΙΙΙ.

352 861 504 947 Decreta
529 886 558 947 a
585 864 896 968 tonpmpullomm
923 865 1205 968 apostoticarum.

154 1059 184 1119 1.
230 1052 400 1121 Decretum
426 1077 452 1123 s.
482 1055 594 1141 eaor.
623 1047 772 1141 Bpmoop.
801 1064 830 1126 et
857 1057 1009 1141 Repalor.
1036 1057 1089 1125 dd.
1118 1062 1170 1125 14.
1196 1055 1274 1125 Dec.
1303 1062 1403 1139 1887,

154 1176 214 1241 quo
236 1158 377 1242 archiep.
396 1158 552 1245 aorem
571 1162 741 1243 facultates
762 1162 895 1247 ddeput
917 1162 1028 1245 Apost.
1051 1162 1097 1228 ad
1110 1163 1284 1230 trimatum
1298 1162 1401 1230 doro·

154 1268 246 1329 turae
268 1264 448 1333 tribueretur
474 1266 661 1335 concedendi
683 1268 838 1351 quasdam
859 1267 1073 1334 relaxationes
1094 1266 1197 1351 panea
1219 1267 1402 1336 οῑαιωιιναηι

428 1370 722 1439 sanctimonialibus
741 1394 771 1438 a.
794 1391 820 1439 s.
850 1370 970 1439 Ursulo
992 1370 1126 1457 Prome.

260 1508 339 1576 Bme
365 1508 477 1577 Pater!
500 1510 704 1577 arenarum
727 1511 765 1578 de
788 1510 889 1577 Paula
912 1531 930 1576 e
952 1510 1127 1578 comitibus
1156 1509 1196 1576 de
1221 1507 1400 1576 &bduboru

156 1610 415 1697 archiepiscopus
446 1614 611 1699 Pragensis
641 1616 681 1680 ad
713 1615 807 1701 pedes
837 1614 1023 1682 Sanctitatis
1052 1615 1181 1681 Vestrae
1209 1614 1398 1703 provolutus,

155 1714 331 1781 humillime
353 1717 514 1803 sequemia
536 1720 677 1804 exponit:
700 1719 959 1786 Sanctimoniales
981 1717 1133 1786 adaucta
1149 1718 1263 1787 Ursule
1277 1718 1400 1784 inurbe

154 1820 261 1907 Prage
276 1822 382 1889 tenore
404 1822 514 1890 Bullae
538 1824 628 1890 Pauli
645 1826 707 1894 PP.
719 1825 756 1891 V.
780 1826 838 1890 sub
862 1824 911 1891 die
933 1824 964 1891 5.
986 1824 1146 1891 Februarii
1170 1824 1254 1891 1618
1276 1824 1401 1890 eleusu-

16 1928 17 1935 ’
153 1944 223 1991 ram
243 1926 351 1993 stricte
372 1928 534 1995 observare
555 1930 708 1995 tenentur.
762 1929 877 1995 mindo
898 1948 970 1996 roro
993 1948 1074 1995 nuno
1097 1928 1245 2013 temporis
1268 1946 1401 2013 magnae

153 2031 297 2097 oriuntur
319 2030 538 2113 difficultates,
560 2051 692 2117 quarum
719 2033 881 2099 nonnullas
903 2033 1073 2101 sanctitati
1096 2033 1223 2100 Vestrae
1247 2032 1297 2098 bio
1318 2031 1400 2097 indi·

153 2152 226 2199 care
248 2133 351 2202 liceat.
377 2134 536 2219 inspector
559 2137 660 2203 civilis
682 2135 857 2205 scholarum
877 2138 907 2204 ri
930 2137 1066 2203 muneris
1089 2137 1148 2216 sni,
1171 2135 1308 2202 inlausta
1330 2134 1400 2222 lege

152 2237 311 2323 impositi,
340 2239 462 2307 soboles
485 2241 627 2326 publicas
649 2260 865 2327 quascunque,
894 2240 1024 2326 ideoque
1047 2241 1142 2307 etiam
1166 2259 1236 2319 aas,
1263 2258 1343 2326 quae
1365 2240 1399 2305 in

154 2342 344 2412 Mouasterio
366 2336 398 2410 S.
422 2345 553 2412 Ursulae
575 2348 695 2414 erectas
718 2347 809 2426 aunt,
841 2345 970 2413 visitare
990 2347 1094 2431 potest
1117 2347 1150 2411 et
1172 2346 1312 2424 mnetur,
1337 2364 1400 2429 qua

153 2450 189 2515 in
209 2468 244 2516 ro
267 2449 389 2516 reniam
418 2450 615 2537 ingrediendi
643 2452 682 2519 ab
713 2452 863 2536 Episcopo
894 2450 1110 2536 postulandam
1140 2448 1268 2517 minime
1300 2452 1399 2517 curat.

154 2554 286 2639 insuper
307 2557 450 2639 parentes
472 2573 532 2622 uon
554 2556 656 2623 solum
678 2556 802 2622 scholas
824 2556 878 2622 aad
900 2556 997 2623 etiam
1013 2554 1172 2621 domicilia
1191 2554 1397 2636 alumnarum,

150 2676 232 2742 quae
255 2659 287 2723 in
312 2659 501 2726 Mmasterio
524 2660 667 2740 aluntur,
699 2661 786 2727 adire
812 2663 845 2727 et
875 2660 961 2745 prius
983 2660 1134 2745 inspicare
1156 2660 1285 2743 cupiunt
1305 2661 1397 2725 ante-

150 2780 247 2845 quam
270 2760 353 2829 filias
374 2782 431 2830 sua
453 2762 746 2832 Sanetimonialibus
769 2764 977 2831 instituendas
1000 2783 1037 2829 ao
1058 2763 1234 2831 educandus
1252 2764 1397 2830 commit·

150 2864 239 2931 tendi
262 2867 425 2934 consilium
448 2870 583 2955 capiant.
614 2870 754 2955 Denique
776 2870 808 2935 in
831 2869 946 2936 scholis
964 2869 1137 2935 dustriacis
1156 2886 1230 2934 usus
1245 2868 1341 2952 riget,
1363 2867 1400 2932 ut

150 2969 193 3036 ad
215 2970 310 3038 fluam
333 2972 481 3058 cuiusque
505 2975 578 3041 anui
598 2972 714 3041 testum
737 2973 963 3042 Scholastioum
991 2974 1113 3058 publice
1135 2972 1326 3052 celebretur,
1348 2971 1398 3038 oui

149 3076 298 3159 parentes
319 3076 469 3161 prolium,
498 3080 535 3144 ut
556 3078 594 3145 de
617 3098 721 3147 earum
746 3098 891 3146 successe
911 3078 972 3145 sibi
993 3077 1220 3163 persuadeant,
1248 3078 1399 3143 interesse

148 3179 263 3247 solent
309 3180 342 3247 Si
364 3181 396 3247 in
418 3182 467 3247 bis
489 3182 620 3267 aliisque
643 3183 766 3249 casibus
787 3185 929 3267 parantes
947 3183 1120 3267 puellarum
1135 3182 1260 3248 domum
1281 3181 1399 3277 saucti5

149 3284 334 3351 monialium
356 3285 525 3370 ingressuri
548 3288 668 3354 reniam
692 3289 731 3353 ab
755 3288 905 3373 Episcopo
928 3286 1083 3370 postulare
1113 3284 1330 3371 adigeruntur,
1364 3288 1400 3352 nt

147 3388 252 3455 tenori
274 3389 453 3473 praedictae
476 3390 587 3457 Bullae
610 3390 755 3471 satisfiat,
780 3392 910 3459 dubium
932 3410 992 3457 non
1015 3392 1073 3468 est,
1097 3389 1170 3474 quin
1186 3388 1278 3457 multi
1293 3407 1397 3456 eorum

146 3492 376 3575 deterreantur,
400 3494 505 3581 sieque
528 3494 599 3561 linis
623 3496 788 3581 primarius
810 3495 936 3564 Ordinis
957 3494 988 3561 S.
1016 3493 1144 3561 Ursnlae
1160 3494 1253 3561 nimis
1267 3493 1399 3579 impedi·

145 3602 247 3667 retur.
290 3596 365 3665 dam
387 3617 456 3666 vero
478 3599 737 3668 sanctimoniales
759 3602 924 3669 Ursulinas
954 3600 993 3666 do
1015 3599 1211 3666 institutione
1233 3601 1266 3666 et
1286 3598 1401 3665 educa-

143 3702 237 3769 tione
273 3701 445 3771 cbristiaua
480 3706 654 3790 puellarum
692 3708 810 3791 optime
847 3704 975 3772 meritas
1015 3724 1103 3785 esse,
1148 3705 1224 3771 bene
1266 3706 1399 3772 constat.

142 3806 256 3889 Quare
280 3807 537 3895 Arcbiepiscopus
561 3810 726 3896 Pregousis
750 3810 924 3879 Fridericus
951 3808 1321 3893 dorobernicarum
1346 3827 1400 3893 po-

142 3914 268 3979 testate
292 3910 436 3999 Delegati
460 3913 629 3997 apostolici
650 3915 822 3983 instructus
852 3914 1077 3998 Superioriasae
1109 3912 1399 3981 Sanctimonialinm

141 4032 208 4101 pro
229 4020 367 4101 tempore
389 4017 506 4085 electae
526 4018 675 4103 quasdam
699 4020 903 4087 relaxationes
925 4020 1026 4105 quoad
1048 4018 1242 4095 clausuram,
1271 4019 1303 4085 et
1330 4016 1400 4103 qui·

138 4122 222 4187 dem
246 4122 286 4189 ed
310 4122 475 4191 biennium
499 4123 682 4205 duraturas,
713 4125 879 4193 concedere
900 4124 1110 4191 consueverat.
1156 4123 1338 4189 aneiscus
1359 4122 1399 4188 de

140 4224 268 4306 Paula,
298 4244 455 4295 auoosssor
483 4226 682 4296 immediatus
711 4230 742 4295 in
766 4229 845 4296 Sede
868 4229 1111 4314 Metropolitaua
1144 4227 1310 4314 Prageusi,
1341 4244 1398 4311 po·

136 4330 269 4399 testate
293 4328 437 4417 Delegati
461 4331 631 4417 Apostolici
652 4354 710 4399 uon
731 4334 859 4420 gaudet.
873 4334 986 4417 <Quare
1001 4336 1088 4400 enixo
1103 4334 1204 4419 rogat,
1226 4334 1263 4397 ut
1277 4331 1400 4399 Sancti·

136 4441 204 4505 tas
228 4433 338 4501 Vestra
361 4436 548 4520 potestatem
572 4436 748 4522 delegatam
773 4438 834 4505 sibi
859 4438 1083 4525 matiomssimo
1114 4435 1267 4520 impertiri
1290 4434 1399 4518 digna·

135 4548 218 4616 tur,
240 4539 358 4607 sedicet
380 4537 675 4609 sanctimonialibus
694 4562 714 4609 a
736 4541 853 4610 Sancta
875 4542 989 4608 Ursule
1008 4542 1128 4626 Pragae
1151 4537 1397 4703 quoad9plauen-
