3184 4842
166 223 301 295 Borcdy,
322 222 389 296 Kpl.
409 221 544 279 Pata-rr.
563 239 595 278 u.
613 221 785 293 Beactzrmp
805 223 861 278 der
878 221 1055 278 Bisthamer
1073 225 1109 278 in
1131 222 1268 292 copam.
1331 205 1374 268 45
1390 297 1394 301 ἡ

126 394 315 480 ejuscemodi
338 393 561 473 fundationem,
587 413 707 460 omnem
732 394 915 460 facultatem
935 394 1209 479 jurispatronatus,
1233 394 1372 460 uomina·

126 499 238 574 tionis,
270 499 429 564 electionis
451 517 487 564 ac
510 498 685 564 collationis
709 499 924 563 beneficiorum
949 499 1086 584 sibiipsis
1107 498 1317 584 acquisierunt
1341 499 1373 563 et

125 603 338 669 vendicarunt.
384 603 453 686 Qua
475 621 638 680 excausa,
665 602 745 686 juris
768 603 913 668 videlicet
935 605 1119 687 patronatus
1141 603 1278 681 ratione,
1303 623 1372 686 per-

124 709 206 773 tinet
228 725 348 791 semper
370 708 410 772 ad
434 707 535 792 Reges
558 709 678 772 nostros
701 709 757 772 lroc
779 707 811 772 in
843 707 948 793 Regno
979 708 1197 772 beneficiomm
1227 706 1370 772 ecclesia-

124 812 273 878 sticorum
300 811 436 879 collatio.

228 917 258 1001 ξ.
282 917 312 983 2.
357 917 499 982 Secundo
521 915 643 981 ratione
666 919 827 1000 susceptae
850 915 1108 994 christianitatis,
1131 915 1204 1000 quia
1227 915 1370 1000 Hungari

125 1039 182 1086 nou
206 1039 260 1104 per
282 1020 541 1104 praedicationem
566 1021 767 1102 apostolicam
792 1022 839 1086 rel
866 1020 1100 1104 Apostolorum,
1134 1040 1264 1104 quorum
1288 1020 1370 1104 priu-

123 1124 200 1208 cipis
222 1125 319 1190 ricem
340 1127 373 1190 ct
394 1143 553 1209 personam
576 1126 608 1188 in
631 1125 723 1188 terris
747 1125 830 1209 Papa
853 1125 951 1207 gerit,
983 1125 1036 1190 sed
1065 1145 1118 1209 per
1141 1126 1369 1190 institutionem

122 1228 237 1313 proprii
258 1228 351 1314 Regis
372 1247 488 1307 eorum,
511 1229 700 1294 sanctissimi
723 1229 866 1294 uidelicet
888 1227 1039 1311 Stephani
1064 1229 1168 1314 Regis,
1193 1231 1230 1296 da
1254 1249 1314 1312 quo
1336 1230 1367 1294 at

121 1333 263 1417 superius
294 1334 440 1411 memini,
475 1332 612 1398 conversi
641 1335 714 1398 sunt
744 1333 782 1397 ad
811 1331 998 1399 catholicam
1021 1332 1126 1402 fidem.
1169 1333 1229 1415 Qui
1252 1331 1369 1416 primus

122 1437 260 1502 omnium
286 1437 499 1521 Episcopatus,
523 1436 687 1515 abbatias,
711 1435 944 1520 Praeposituras
969 1436 1079 1503 hocin
1105 1439 1212 1523 Regno
1227 1436 1369 1502 fundavit

123 1545 155 1606 et
179 1543 288 1607 harum
312 1542 449 1607 omnium
473 1542 679 1606 Rcclesiarum
704 1541 904 1606 Praelaturas
928 1561 964 1606 ac
983 1542 1132 1614 beneficia
1154 1543 1238 1607 solus
1254 1542 1318 1625 ipso
1334 1560 1369 1605 er

123 1647 202 1711 uutu
225 1647 338 1712 summi
362 1645 540 1722 Pontificis,
575 1645 686 1728 quibus
721 1646 835 1710 maluit
863 1644 994 1731 (idoneis
1017 1647 1121 1711 umen
1146 1649 1178 1711 et
1201 1646 1369 1711 virtutihus

123 1749 314 1834 probitatum
342 1749 515 1835 insignitis)
547 1749 688 1816 contulit.
742 1747 841 1814 Sicuti
877 1750 1016 1815 Ecclesia
1051 1750 1088 1815 de
1122 1769 1157 1816 eo
1191 1749 1369 1815 solemniter

122 1855 225 1919 cauit:
248 1853 313 1922 Hic
327 1854 483 1935 (uidelicet
498 1873 521 1920 s.
539 1851 728 1940 Stephanos)
743 1854 786 1919 nd
801 1856 905 1920 instar
920 1853 1103 1921 Salomonis
1117 1856 1214 1920 strauit
1227 1853 1368 1937 Templa,

121 1959 203 2024 duno
226 1958 329 2036 donia
352 1965 445 2024 ornat
463 1959 594 2042 gemmis
616 1963 644 2024 ct
666 1959 789 2024 coronis
804 1978 910 2025 eruces
924 1959 1095 2024 dubano.
1118 1958 1160 2023 ut
1177 1977 1244 2023 rnox
1260 1958 1368 2023 subin-

122 2064 235 2128 fertur:
268 2061 323 2130 Λᾶ
346 2063 515 2146 rependam
533 2067 607 2128 haec
631 2062 808 2139 Proelotos,
842 2064 928 2128 ciros
951 2065 1046 2145 pontt
1072 2063 1229 2139 literatos,
1252 2062 1368 2145 justos,

119 2167 204 2250 fidos
225 2172 255 2233 ct
270 2166 431 2248 modulos,
458 2167 502 2232 ud
523 2167 620 2232 robur
640 2167 792 2248 fidelium.
837 2167 892 2232 Sic
914 2167 1063 2232 lolenmm
1084 2167 1148 2232 sibi
1169 2167 1278 2232 datum
1300 2164 1368 2231 Deo

120 2271 257 2337 reddens
279 2271 490 2352 duplicatam,
520 2270 559 2336 ab
590 2277 714 2336 acono
744 2277 975 2354 praeparatum
1001 2271 1064 2336 eibi
1092 2270 1217 2336 scandit
1243 2269 1366 2336 solium.

121 2375 200 2440 Rcce
223 2377 329 2458 aperte
352 2373 545 2451 describitur,
569 2375 647 2458 quod
673 2375 737 2457 ipse
760 2377 791 2440 et
814 2394 873 2439 uon
898 2374 977 2439 alter
998 2374 1150 2459 quispiam
1171 2374 1210 2438 ad
1232 2373 1367 2458 regenda

123 2477 241 2562 templa
263 2497 318 2563 per
340 2497 409 2542 eum
431 2480 610 2544 constructa
631 2478 780 2563 donisque
802 2479 902 2544 ditata
925 2478 1088 2543 Praelatos
1110 2478 1213 2563 justos
1236 2479 1268 2543 et
1289 2477 1366 2542 fidos

121 2585 240 2667 posuit,
273 2587 365 2666 prout
397 2601 433 2648 eu
466 2583 532 2666 ejus
566 2601 686 2666 quoque
710 2582 896 2648 historiast
919 2582 1057 2666 pluribus
1080 2582 1252 2666 privilegiis
1275 2601 1366 2666 super

121 2687 330 2754 Rcclesiarum
365 2685 597 2752 fundationibus
629 2691 660 2751 ot
694 2687 904 2752 dotationibus
935 2687 1083 2752 confectis
1117 2686 1234 2771 liquide
1269 2690 1366 2770 patet.

119 2790 236 2857 Itidem
267 2790 402 2876 plerique
432 2791 560 2857 caesarii
585 2810 620 2856 ac
644 2791 793 2874 pontificii
814 2791 893 2875 juris
916 2791 1100 2874 interpretes
1123 2790 1187 2855 suis
1210 2809 1364 2856 commen·

120 2893 213 2961 tariis
236 2894 405 2978 prodidere.

226 2999 256 3084 d.
280 2999 311 3064 4.
359 2999 462 3066 Tertio
483 2998 602 3065 ratione
624 2997 785 3084 legitimae
808 2998 1072 3084 praescriptionis,
1094 2999 1241 3083 quoniam
1265 2998 1365 3082 Reges

119 3105 303 3189 Huugariao
325 3123 345 3170 a
367 3107 505 3188 tompore
525 3102 685 3187 regiminis
711 3103 851 3188 ejusdem
879 3103 1057 3169 Beatissimi
1086 3101 1237 3186 Stephani
1270 3105 1367 3169 nostri

120 3209 231 3293 Regis,
255 3207 309 3292 qui
327 3226 408 3273 anuo
431 3207 610 3274 Dominicao¹
638 3207 861 3274 lucaruatiouis
884 3209 983 3292 primo
1006 3227 1099 3291 supra
1121 3207 1311 3273 milesimum
1334 3205 1367 3271 in

118 3331 227 3398 regem
251 3313 439 3395 hungaricae
462 3312 565 3397 gentis
589 3312 721 3376 feliciter
751 3313 898 3377 inunctus
927 3312 1097 3396 peniteret
1121 3315 1285 3378 coronatus
1308 3313 1366 3388 ost,

120 3416 161 3482 ad
184 3417 261 3483 haec
284 3435 380 3501 usque
403 3420 542 3500 tempora
561 3433 682 3500 semper
703 3415 736 3479 iu
758 3415 835 3481 reah
855 3417 887 3481 et
907 3416 1033 3499 pacifico
1048 3434 1106 3481 usn
1125 3435 1162 3481 ac
1176 3415 1366 3500 possessione

120 3520 297 3587 collationis
329 3520 506 3605 hujusmodi
534 3519 751 3586 beneficiorum
787 3519 1074 3586 Ecclesiasticorum
1107 3521 1289 3604 plusquam
1312 3539 1367 3604 per

120 3625 307 3709 quingentos
330 3643 425 3691 annos
447 3623 655 3708 persistentes,
679 3626 803 3708 tempus
823 3623 1073 3708 praescriptionis
1089 3623 1206 3708 jurium
1221 3626 1367 3690 ecclesia·

119 3729 288 3809 eticorum,
319 3730 415 3795 etiam
445 3731 570 3794 sauctae
601 3728 818 3812 Apostolicac,
848 3728 970 3794 iteratis
993 3729 1113 3794 vicibus
1136 3728 1253 3794 dudum
1277 3733 1364 3794 trau·

119 3833 318 3900 scenderunt.

225 3938 254 4024 ᾗ.
281 3941 312 4004 5.
347 3940 477 4022 Quarto,
500 3940 573 4022 quia
595 3938 658 4004 ista
677 3937 806 4003 libertas
830 3937 941 4021 Regni,
965 3940 1116 4020 quantum
1138 3938 1178 4003 ad
1201 3937 1364 4004 beneficio·

5 4063 7 4068 ’
120 4061 190 4108 rum
214 4042 411 4122 collationes,
442 4044 517 4109 olim
550 4045 689 4126 tempore
722 4041 844 4106 Domini
871 4041 1080 4125 Sigismuudi,
1113 4041 1312 4126 Imperatoris
1334 4045 1366 4107 ct

120 4147 218 4234 Regis
239 4147 348 4226 nostri,
371 4167 432 4212 una
454 4167 525 4213 anm
548 4145 757 4231 compluribus
779 4145 978 4212 libertatibus
995 4147 1086 4232 hujus
1102 4147 1202 4231 Regni
1223 4148 1254 4211 iu
1270 4165 1364 4231 gone·

118 4251 179 4318 rali
202 4271 239 4317 ac
261 4251 376 4318 celebri
403 4251 539 4318 Concilio
566 4251 796 4318 constantiensi
824 4251 1037 4330 corroborata,
1067 4250 1207 4337 jurisque
1234 4250 1363 4334 jurandi

118 4355 270 4443 religione
292 4357 416 4422 firmata
438 4355 515 4437 luit,
547 4357 638 4440 prout
666 4355 698 4420 iu
730 4355 816 4421 bulla
837 4356 1000 4440 superinde
1021 4357 1162 4422 conlecta
1183 4355 1267 4421 claro
1291 4372 1364 4420 con·

120 4464 288 4632 metulla
314 4564 357 4630 im
385 4563 605 4631 rorstehonden
636 4563 664 4649 ἕ.
696 4563 725 4629 5.
758 4564 956 4650 angegcbene
984 4565 1083 4631 vierte
1112 4561 1220 4628 amno
1251 4561 1366 4628 konnte
