3184 4842
194 124 256 201 130
297 146 359 203 ppo
371 130 457 201 xm.
470 134 499 191 et
510 130 556 189 17.
572 131 636 190 Oct.
649 131 725 191 1888
744 130 899 209 αᾶζθανά.
915 133 1080 211 taciperto
1092 144 1191 198 contr.
1207 143 1312 200 aarum
1330 137 1435 215 Afrae.

191 338 267 406 rope
304 313 536 404 approbationis
573 309 753 398 gratiaeque
790 310 941 379 hacbnua
977 312 1202 399 impetraristi,
1241 316 1435 386 tantumdem

192 444 303 511 operae
326 442 362 491 ac
384 418 586 489 liberalitatis
607 420 639 483 te
661 415 791 501 posthac
812 414 1062 501 impetraturum.

295 529 406 613 Itaque
429 544 489 593 uon
511 521 706 590 hortabimur
727 521 776 601 te,
800 540 900 606 neque
922 522 1005 589 enim
1028 522 1203 593 hortatione
1225 526 1347 614 indiget
1366 529 1433 595 tam

194 636 322 701 actuosa
343 631 459 711 dtus,
494 628 548 696 sed
580 626 683 713 potius
716 625 963 713 gratulabimur,
997 628 1079 713 qued
1108 647 1219 716 pergae
1248 631 1310 699 isto
1332 632 1436 699 animo

192 737 446 821 constantiaque,
482 734 547 801 Deo
579 732 722 817 auspice,
756 732 865 816 coepta
895 733 1048 818 persequi.
1093 731 1183 801 (terte
1206 737 1349 821 nuspiam
1371 738 1436 822 epi·

191 843 344 929 scopatam
367 840 532 909 caritatem
554 841 641 905 tuam
664 835 774 903 utilius
797 835 1013 918 collocaveris,
1042 856 1098 905 nec
1129 838 1196 906 ulla
1216 841 1435 926 propemodum

42 1030 45 1037 1
191 965 225 1014 re
246 946 395 1015 merueris
416 945 455 1011 de
478 942 649 1010 christiano
673 939 795 1008 numine
818 941 940 1009 melius.
970 942 1026 1008 idat
1045 943 1127 1010 enim
1143 946 1324 1012 cunctorum
1338 963 1436 1031 aeque
1577 982 1579 1021 ᾖ

193 1051 362 1132 hominum,
384 1068 445 1117 non
467 1046 570 1115 minus
593 1046 762 1113 christiano
784 1064 879 1131 quam
902 1047 1038 1115 naturali
1053 1046 1131 1129 iure,
1155 1049 1275 1116 mnnita
1291 1050 1435 1119 libertas:

192 1156 423 1239 Ecclesiamque
456 1152 484 1219 si
516 1150 570 1237 qui
606 1151 811 1218 criminantur
840 1152 896 1217 aut
926 1149 990 1219 ullo
1011 1152 1151 1237 tempore
1174 1155 1269 1221 tuisse
1291 1155 1435 1222 servituti

192 1260 423 1339 conniventem,
458 1259 514 1325 ant
547 1275 608 1324 non
640 1254 718 1321 satis
748 1254 786 1321 de
808 1254 917 1322 eadem
940 1256 1079 1323 tollenda
1099 1257 1304 1341 laboravisse,
1334 1259 1357 1325 ii
1380 1278 1435 1328 uec

191 1368 297 1453 pratos
319 1383 363 1446 se,
385 1380 442 1430 uec
465 1378 579 1448 gnaros
602 1378 705 1428 rerum
720 1360 864 1445 probant,
885 1378 955 1426 cum
971 1359 1129 1430 luculente
1145 1362 1276 1431 tristor-ia
1289 1363 1436 1450 loquatur

190 1470 265 1557 quid
288 1468 368 1537 hanc
390 1466 430 1535 ad
453 1487 518 1534 rem
541 1465 600 1535 viri
623 1464 784 1551 apostolici
809 1465 841 1531 in
861 1464 929 1551 ipsa
950 1466 1069 1546 Africa,
1092 1468 1168 1553 qnid
1183 1487 1220 1535 ex
1234 1469 1310 1537 urbe
1325 1469 1435 1550 Roma,

190 1574 328 1661 principe
357 1572 504 1641 catholici
534 1570 634 1653 orbis,
665 1570 781 1637 summi
815 1568 983 1638 Pontifices
1017 1573 1240 1656 praestiterint.
1285 1574 1335 1642 'lia
1364 1593 1435 1642 rere
1577 1591 1579 1624 ὲ

192 1698 230 1746 ne
252 1678 375 1745 dubites
397 1676 473 1763 quin
494 1676 585 1744 rebus
607 1675 759 1754 omuibus,
781 1675 895 1760 quibua
916 1694 1089 1760 mamus,
1111 1679 1241 1747 masilia
1254 1679 1321 1749 Nos
1342 1679 1434 1747 indu·

192 1783 362 1868 striamqna
381 1784 468 1849 tuam
484 1780 581 1849 simm
597 1778 744 1847 adiutori.
765 1778 860 1847 Ouios
879 1780 1049 1849 voluntatis
1063 1781 1199 1850 Nostrae
1213 1783 1303 1870 qnasi
1318 1784 1433 1870 pignus
1577 1783 1579 1876 ζ

193 1887 306 1955 habete
328 1888 492 1973 argenteos
512 1884 636 1952 italicos
659 1902 803 1950 nummos
823 1884 868 1951 ud
888 1891 936 1952 tar
955 1892 1077 1955 oentam
1096 1885 1221 1959 mriitu:
1250 1907 1346 1974 quam
1373 1888 1434 1956 tibi
1577 1908 1579 1970 ζ

191 2010 344 2060 summam
367 1991 554 2077 perlibenter
575 1988 785 2067 destinamus,
808 1991 845 2056 nt
866 1988 899 2055 iu
922 1990 1070 2077 collegia,
1099 2010 1155 2058 seu
1177 1992 1343 2062 comm
1360 1992 1435 2060 abo-
1577 1991 1579 1994 ’

191 2097 301 2164 landae
334 2096 480 2165 Afrorum
514 2093 658 2161 seruituti
692 2092 870 2173 institutos,
903 2097 1074 2180 opportuna
1106 2115 1194 2164 cures
1228 2097 1434 2183 partiendam.
1577 2094 1579 2117 ⁵

190 2202 281 2269 Nihil
302 2202 438 2286 proiecto
459 2200 597 2287 optatius
620 2216 686 2265 esse
709 2197 808 2265 Nobis
830 2200 950 2283 potest,
974 2220 1067 2286 qnam
1090 2202 1171 2269 terre
1191 2220 1280 2287 opem
1299 2202 1434 2270 homini-

191 2306 249 2374 bus
262 2308 329 2373 mm
344 2306 511 2373 inhumane
527 2303 659 2371 uexatis:
682 2302 825 2388 ipsosque
840 2304 974 2371 exomni
988 2306 1084 2389 gente
1098 2306 1278 2387 catholicos,
1302 2326 1433 2392 quorum

190 2410 302 2478 ommia
324 2429 399 2495 arga
419 2408 501 2485 Nes,
526 2409 583 2476 huc
606 2408 791 2476 nominatim
811 2426 909 2489 anuo,
931 2408 1107 2477 liberalitas
1128 2411 1251 2491 extitit,
1275 2430 1363 2480 nouae
1386 2412 1435 2479 in-
1577 2423 1579 2438 ·

190 2514 288 2593 sarit,
321 2513 547 2581 munificentiae
574 2532 647 2581 auae
670 2513 791 2579 tructus
815 2512 875 2578 huc
896 2513 992 2580 etiam
1020 2514 1193 2595 adhibitos,
1224 2516 1370 2583 nimirum
1394 2518 1433 2583 ad

191 2619 413 2705 propulsandas
444 2621 510 2685 tam
541 2619 690 2683 immanes
719 2616 864 2693 iniurias,
900 2618 1108 2704 tuendamque
1141 2621 1174 2685 in
1205 2623 1255 2687 tot
1284 2620 1436 2687 iratribus

189 2725 303 2791 nostris
325 2724 478 2791 humanae
501 2741 647 2808 personae
678 2722 876 2807 dignitatem.
901 2759 941 2771 —
964 2723 1066 2789 Nacta
1088 2723 1208 2802 animo,
1236 2725 1351 2793 dilecte
1372 2726 1436 2793 Nili

189 2829 311 2908 Noster,
328 2846 473 2913 spemque
492 2828 658 2895 maximam
674 2827 705 2895 in
722 2831 849 2911 parente
860 2846 898 2893 ac
910 2832 1067 2896 servatore
1078 2834 1259 2896 cunctorum
1273 2829 1437 2899 hominum
1577 2849 1579 2872 ²

190 2933 254 3000 Dec
276 2950 407 3019 repone:
438 2933 527 2999 cuius
560 2950 722 2999 munerum
750 2932 908 3016 auspicem
932 2935 1159 3020 paternaequae
1182 2934 1316 3001 Nostrae
1339 2934 1435 3003 hene·

189 3038 343 3111 velentiae
365 3041 479 3105 testem
501 3036 560 3104 tibi
589 3038 622 3104 et
652 3036 734 3103 clero
765 3037 936 3122 populoque
967 3039 1023 3104 tno
1050 3038 1193 3106 universo
1222 3039 1434 3124 Apostolicam
1577 3039 1579 3044 ’

188 3142 434 3210 benedictionem
457 3142 654 3227 peramanter
676 3141 708 3207 in
733 3140 865 3207 Domino
884 3140 1091 3227 impertimus.
1577 3190 1579 3198 .

291 3264 409 3330 Datum
439 3263 556 3331 Romae
585 3263 668 3347 apud
698 3262 849 3331 Sanctum
875 3264 1005 3331 Petrum
1034 3263 1086 3330 die
1111 3266 1160 3334 17.
1183 3264 1327 3332 Octobris
1353 3284 1437 3333 anno

188 3368 282 3450 1888,
308 3368 513 3437 Pontificatus
535 3368 643 3435 Nostri
667 3366 846 3435 Undecimo.

1063 3491 1128 3559 Lae
1149 3490 1212 3558 PP.
1237 3490 1326 3560 Xlll.
