3184 4842
235 174 299 247 430
341 196 403 257 Lao
411 178 495 257 XIII.
506 197 671 257 abbatibus
679 206 814 256 manso.
823 202 890 256 ord.
899 217 924 256 a.
932 198 1238 269 Remeatollurtrlu,
1249 200 1300 257 30.
1310 200 1380 290 pcc.
1390 198 1474 257 1888.

234 371 367 439 iunctim
388 372 539 458 precibus,
562 374 769 455 meditationi,
792 374 947 460 spirituali
971 374 1095 442 lectioni
1119 377 1239 454 vacent,
1261 376 1417 460 simulque
1435 374 1474 440 arl

235 478 401 545 laxandum
424 496 443 545 a
464 477 621 545 laboribus
643 479 779 547 animum
805 479 996 547 conueniant.
1028 479 1094 563 Quo
1117 480 1279 565 perfectior
1301 482 1408 547 antem
1428 480 1475 545 fn·

236 583 340 650 miliae
363 582 467 669 imago
489 582 545 663 sit,
569 582 711 650 extrariis
733 583 861 651 famulis
882 584 985 651 aditus
1006 603 1043 650 ua
1065 587 1186 669 pateat,
1211 603 1248 650 ao
1270 586 1381 651 iratrm
1403 584 1474 650 laici

236 688 281 754 sio
301 686 524 766 admittantur,
549 687 584 753 ut
603 687 795 772 simplicibus
818 688 961 755 obstricti
982 690 1062 757 rotis
1084 689 1239 775 spirituali
1260 689 1382 756 subsint
1406 707 1472 753 ma-

235 792 343 877 gistro.
387 792 494 875 Neque
518 810 588 858 vero
610 810 686 875 opus
706 795 753 859 est
773 795 809 859 ut
833 810 885 858 ros
907 812 1103 872 moneamus,
1126 794 1170 858 nil
1194 787 1387 859 tolerandum
1410 811 1474 859 assa

236 916 295 981 quo
317 896 462 962 turbetur
488 896 622 964 solitudo
653 915 689 962 ac
718 898 896 976 silentium,
931 916 984 981 per
1016 917 1095 983 quae
1127 898 1287 982 potissime
1318 896 1474 982 perficitur

235 988 356 1067 morum
378 1001 543 1077 conversio,
567 1000 703 1085 adeoque
726 1001 887 1067 clausurae
911 1002 1005 1087 leges,
1027 1001 1139 1087 quibus
1154 1021 1190 1068 aa
1206 1002 1292 1087 quasi
1310 1003 1379 1068 tuto
1396 1002 1474 1067 uallo

236 1106 430 1186 saepiuntur,
463 1104 563 1189 rigida
591 1122 656 1170 esse
683 1106 859 1171 servandas.
904 1104 1042 1191 Denique
1070 1124 1193 1172 summa
1217 1104 1346 1171 Patrem
1368 1106 1421 1190 qui
1443 1106 1475 1170 in

236 1228 338 1281 unum.
352 1210 550 1275 manauerint
571 1228 645 1275 eura
665 1209 724 1288 sit,
755 1212 792 1276 ut
820 1210 959 1295 religiosi
989 1210 1109 1278 sodales
1138 1210 1217 1277 nibil
1238 1210 1398 1294 antiquins
1421 1210 1475 1275 ha·

236 1316 341 1394 beant,
363 1332 455 1399 quam
476 1315 511 1379 ut
533 1314 583 1399 pie
598 1314 718 1398 riteque
732 1315 829 1383 seems
846 1317 1018 1399 operentur,
1041 1333 1139 1399 oeque
1154 1314 1333 1381 alaudibus
1348 1313 1476 1398 agcnrbs

237 1418 302 1487 Deo
325 1416 358 1487 iu
379 1418 463 1487 Orico
486 1418 640 1485 communi
665 1436 799 1503 uuquam
823 1419 1008 1487 abstineant.
1048 1419 1130 1487 Saue
1157 1419 1185 1486 si
1213 1439 1250 1484 ex
1278 1419 1365 1485 bisce
1393 1418 1475 1502 priu-

236 1523 326 1609 cipiis
349 1540 445 1591 nouae
466 1521 710 1589 constitutiones
735 1523 907 1602 ducantur,
938 1524 1052 1607 iisque,
1067 1523 1212 1590 Nouacbi
1246 1522 1389 1607 religiosa
1419 1542 1474 1605 prr·

236 1627 373 1707 ruerint,
404 1646 462 1693 non
489 1624 667 1693 dubitamus
691 1628 764 1712 quin
787 1628 941 1695 illustrius
963 1627 1072 1695 ordini
1093 1628 1185 1695 decoro
1206 1628 1250 1693 sit
1270 1645 1476 1701 amaseorum,

235 1736 268 1799 et
289 1732 415 1799 utiliora
437 1718 579 1799 fidelibus
601 1733 709 1799 lutura
730 1732 794 1798 sint
824 1733 974 1799 exteriora
1004 1731 1194 1812 ministeria,
1221 1750 1304 1816 quae
1330 1731 1476 1799 marubi

236 1839 386 1903 exercent.
432 1835 594 1920 ampliora
623 1834 703 1903 enim
735 1837 907 1921 gratiarnm
939 1836 1079 1903 subsidia
1108 1856 1212 1903 eorum
1235 1835 1397 1903 laboribus
1417 1836 1475 1901 im·

235 1942 348 2025 partiat
365 1941 458 2019 Deus,
482 1944 513 2007 et
535 1940 710 2009 saeculares
733 1940 873 2007 homines
895 1940 1056 2008 ‹looiliores
1077 1942 1140 2007 illis
1161 1940 1354 2024 praebebunt
1374 1958 1473 2016 aurea

232 2064 362 2130 auorum
385 2045 532 2113 uirtutem
553 2044 685 2113 solidam
708 2044 823 2113 clarius
844 2046 962 2114 enitere
984 2046 1186 2130 respexerint

339 2158 403 2225 Nos
422 2157 565 2238 interino,
596 2158 713 2224 Dilecti
736 2158 824 2239 l'ilii,
851 2161 938 2225 carta
959 2158 1074 2224 fidncia
1095 2157 1226 2224 nitimur
1248 2158 1330 2236 lore,
1361 2158 1399 2223 ut
1421 2176 1474 2241 pa·

234 2266 339 2330 ternas
370 2262 503 2329 Nostrae
531 2280 617 2329 rocas
647 2262 807 2346 eerpiatis
837 2263 973 2330 solentes
1004 2262 1211 2348 libentoeque,
1246 2281 1284 2328 se
1314 2262 1473 2327 desideriis

235 2367 356 2435 Nostris
378 2367 504 2451 obsequi
528 2366 675 2433 alacriter
695 2368 919 2434 counitamini:
951 2368 1023 2434 binc
1050 2367 1172 2434 divinae
1193 2366 1399 2451 benignitatis
1417 2384 1471 2430 au·

234 2472 347 2557 spinam
371 2470 583 2557 Apostolicam
607 2472 855 2539 benedictionem
875 2472 970 2540 Vobis
986 2474 1018 2539 et
1033 2472 1186 2557 religiosis
1200 2471 1341 2550 familiis,
1363 2470 1474 2555 quitus

234 2577 393 2660 praeustis,
413 2581 609 2662 peramanter
629 2576 660 2643 iu
684 2574 816 2642 Domino
837 2577 1041 2661 impertimus.

338 2698 453 2764 Datum
478 2699 593 2765 Romae
615 2698 696 2783 apud
719 2696 867 2765 Sanctum
891 2700 1019 2765 Petrum
1044 2700 1094 2765 ‹lie
1116 2698 1168 2763 30.
1192 2697 1373 2765 Decembris
1395 2716 1474 2762 auno

236 2802 320 2869 1888
344 2803 548 2870 Pontificatus
569 2803 675 2887 Nostri
700 2802 879 2871 Undecimo.

1109 2944 1172 3011 Leo
1194 2942 1256 3009 PP.
1282 2939 1370 3009 XIII.
