3184 4842
394 204 457 263 neo
475 204 561 263 xrrr.
579 208 609 267 c.
627 204 674 261 aa.
691 205 757 263 ror.
776 205 852 262 rese
871 208 913 262 ac
931 221 999 277 φρ.
1018 204 1157 263 coccae.
1335 190 1396 257 lat

152 376 297 445 tuendis:
320 376 401 463 qued
424 378 540 459 tamen,
564 380 666 445 morte
685 377 873 463 interceptas
894 396 965 445 curn
987 378 1043 446 ille
1063 378 1256 466 nequivisset
1275 378 1398 448 eitoere

152 502 189 549 ex
210 484 300 568 parte
322 482 480 567 praestitit
506 482 653 552 Urbanas
676 482 781 562 vill..
817 482 932 567 qnippe
953 480 1007 567 qui
1026 501 1111 551 carn
1144 484 1258 551 ceteris
1285 482 1398 551 exteris

152 586 289 653 alumnis
309 587 473 655 Armenios
493 606 616 673 qaoque
647 586 757 671 recipit
789 588 822 651 in
846 585 1028 671 collegium
1050 586 1278 671 molissimum
1301 588 1342 654 eb
1362 607 1397 653 ae

152 692 322 763 excitatum
346 691 386 759 ed
409 691 640 777 propagandam
661 690 766 759 fidem.
799 690 1001 771 limantem,
1024 692 1161 775 tempme
1182 690 1397 776 Raetinium,

150 796 265 863 initum
289 814 310 861 a
330 794 479 881 Gregorio
503 794 593 863 XIII.
617 795 779 863 eonsilium
807 795 930 880 plenius
960 795 1082 879 ameni,
1113 794 1310 875 uendente,
1343 814 1397 881 po·

150 900 288 981 tuimur,
318 899 468 985 aedesque
496 899 576 967 eatis
596 900 717 984 amplae
740 900 779 965 ai
800 898 834 967 8.
858 898 988 969 Ntmlui
1010 898 1219 967 Tolentiuaiie
1241 899 1398 984 Armeniis

152 1003 288 1072 alnmms
318 1002 513 1084 addiximus,
549 1022 714 1089 eorumque
746 1002 920 1089 Collegium
953 1003 1014 1071 rite
1039 1004 1269 1072 mustitmrnue.
1310 1004 1397 1087 Qum

153 1110 258 1176 omnia
277 1109 323 1175 sic
345 1110 418 1175 acta
431 1110 516 1201 eunt,
538 1111 576 1175 ut
590 1107 757 1177 Armeniae
772 1108 921 1193 liturgiae
936 1110 970 1175 et
986 1108 1231 1194 linguraeeqnem
1247 1110 1395 1203 vetustae

152 1212 311 1301 elegantia
329 1214 363 1281 et
384 1212 556 1296 insignium
574 1212 772 1281 commendat
793 1213 979 1300 scriptorum
1000 1212 1106 1298 conia,
1123 1212 1248 1281 debitus
1266 1212 1396 1281 hetere-

152 1320 205 1385 tur
227 1318 341 1396 honore
368 1316 430 1385 imo
453 1317 572 1383 iamdiu
593 1318 741 1397 coneum,
772 1319 808 1385 nt
828 1337 865 1383 er
887 1316 1047 1402 Episcopie
1065 1318 1133 1384 ritu
1154 1320 1258 1384 restro
1281 1316 1396 1385 Borrae

152 1422 300 1507 perpetue
322 1423 494 1489 moraretur
514 1440 603 1503 unus,
628 1422 716 1488 euius
738 1424 820 1489 esset
841 1422 968 1488 initiare
988 1422 1102 1501 sacris,
1127 1424 1281 1508 quotquot
1299 1440 1336 1488 ex
1356 1422 1396 1489 iis
1447 1497 1451 1503 .
1578 1411 1579 1416 ’

152 1525 287 1593 alumnis
310 1524 460 1593 Dominus
482 1525 514 1593 in
535 1528 650 1595 sortem
671 1546 760 1594 suam
785 1528 933 1593 recesset
952 1555 955 1560 ⁴
977 1526 1027 1593 Au
1059 1526 1135 1593 haec
1162 1526 1194 1591 in
1216 1524 1396 1595 Urbaniane

152 1628 289 1730 Collegio
323 1628 430 1697 echela
461 1627 645 1715 iampridem
679 1630 848 1699 Armeniae
883 1629 1012 1715 linguae
1045 1629 1215 1697 tradentes
1249 1629 1397 1697 instituta

152 1734 230 1813 rur,
245 1773 246 1781 ι
261 1736 293 1801 et
325 1734 407 1803 Piros
426 1735 493 1803 IX.
523 1734 671 1805 Deceesor
702 1735 832 1803 Noster·
846 1734 987 1814 sumsit,
1015 1736 1106 1801 utin
1129 1735 1293 1821 gymnasie
1315 1735 1396 1803 Pan·

14 1836 16 1911 i
150 1837 243 1905 tillcii
264 1837 428 1907 seminarii
450 1838 579 1909 Romani
608 1842 915 1925 praeceptorem,
949 1860 969 1907 a
1001 1858 1062 1924 quo
1097 1842 1252 1907 nostrates
1280 1858 1396 1907 sermo·

152 1960 242 2021 nem.
263 1943 403 2023 litteras,
427 1944 590 2011 historiam
613 1946 777 2013 Armeniae
800 1945 905 2031 gentis
921 1944 1127 2013 addiscerent.
1171 1944 1396 2030 lisquelnuiae

152 2046 246 2119 Urbis
271 2047 385 2116 linibus
415 2068 447 2115 ee
475 2048 630 2117 continuit
652 2050 861 2117 Rornanorum
885 2048 1072 2116 Pontificum
1093 2048 1132 2116 de
1153 2048 1309 2115 Armeniis
1330 2050 1395 2117 eol·

150 2152 299 2231 licitut03
320 2171 454 2239 nemque
475 2154 514 2220 iis
535 2154 615 2221 nihil
638 2155 698 2221 rure
720 2155 890 2239 antiquins,
911 2173 1005 2240 qnam
1021 2154 1061 2219 ut
1073 2152 1242 2220 helesium
1258 2156 1393 2221 vestram

149 2256 410 2337 difficultatibus,
439 2258 551 2343 quibus
582 2262 665 2327 esset
694 2258 865 2345 implicita,
889 2258 1076 2338 eximerent,
1105 2257 1222 2325 damna
1242 2257 1395 2325 mrcirent

151 2362 253 2429 eidem
286 2363 453 2447 iniquitate
486 2366 659 2448 temporum
691 2363 803 2442 illata,
838 2364 964 2447 sineque
986 2361 1156 2430 commodis
1175 2364 1394 2447 prospicerent.

150 2466 325 2535 Obscurum
356 2470 405 2535 eet
434 2467 549 2534 nemini
571 2468 738 2535 Benedicti
759 2466 856 2535 XIV.
890 2467 1029 2534 studium
1066 2469 1102 2533 ιιι
1134 2466 1221 2535 sarta
1245 2468 1395 2552 ἰοιιιηιιο

151 2574 326 2639 servaretur
348 2571 479 2657 liturgia
502 2574 613 2638 verere
626 2592 684 2639 non
707 2590 795 2639 saone
817 2592 854 2639 ac
875 2572 1008 2639 aliarum
1025 2571 1223 2639 orientalium
1240 2571 1393 2639 ltcaleeia·

151 2696 234 2755 rum,
255 2678 349 2761 atque
363 2678 409 2743 ¹ut
430 2675 651 2743 catholicorum
677 2677 843 2744 Armeniae
865 2676 1118 2743 Patrierelnarnm
1132 2676 1286 2745 successio
1299 2674 1394 2743 infli-

151 2780 235 2849 eenei
261 2780 333 2847 eote
362 2781 588 2848 restitueretur.
640 2780 824 2865 Exploratus
847 2781 933 2849 rabie
956 2798 1050 2847 corae
1069 2783 1145 2847 eunt
1165 2780 1284 2848 Leoerie
1308 2780 1393 2851 ΧΠ.

150 2885 184 2953 et
205 2882 262 2951 Pii
286 2884 381 2955 VIII.
405 2903 441 2952 so
463 2904 647 2964 conuersae,
675 2885 765 2951 utin
789 2886 871 2954 Urbe
892 2886 1015 2970 imperii
1038 2884 1394 2971 Othomanici-principe

152 2987 294 3057 Armenii
314 2989 505 3075 praelectum
525 3008 599 3057 anae
627 2989 731 3076 gentis
759 2989 911 3058 haberent
939 2990 971 3055 in
996 2989 1141 3057 uirilibus
1169 2990 1324 3074 negotiis,
1353 2992 1395 3057 at

150 3094 251 3163 instar
273 3095 405 3161 aliarum
429 3096 598 3174 nationum,
622 3112 701 3179 quae
723 3096 756 3160 in
778 3094 887 3161 eadem
907 3094 1025 3161 ditione
1045 3095 1126 3161 sitae
1148 3098 1232 3161 sunt.
1277 3095 1396 3161 Benene

152 3200 276 3267 demum
296 3199 445 3267 memoria
466 3202 516 3265 est
537 3216 638 3267 rerum
662 3218 681 3265 a
703 3198 858 3283 eremo
878 3196 973 3266 XVI.
996 3202 1030 3266 et
1050 3197 1113 3266 Pio
1134 3198 1202 3265 1ae
1225 3202 1395 3284 getarum,

151 3308 188 3372 ιιι
209 3302 397 3389 episcopales
420 3304 509 3373 sedes
531 3304 563 3370 in
589 3305 692 3371 vestre
714 3303 839 3389 regione
854 3305 1051 3389 angerentur,
1069 3305 1163 3387 atque
1177 3306 1215 3369 ιιι
1229 3303 1395 3373 Armenius

152 3408 293 3476 Antiates
322 3408 589 3492 Constantinopoli
621 3410 703 3475 meet
725 3408 839 3475 honere
858 3410 891 3474 et
913 3408 1069 3494 dignitate
1092 3410 1261 3493 praestans.
1306 3406 1394 3493 Quod

150 3514 252 3599 prium
279 3514 475 3597 factumest
503 3512 767 3597 Archiepiecepali
789 3514 822 3579 et
846 3512 1020 3579 Primatiali
1042 3512 1115 3579 aede
1135 3512 1252 3579 ibidem
1278 3512 1393 3579 consti·

151 3620 240 3699 tuta,
270 3618 382 3686 (leinrle
411 3618 522 3684 unione
545 3617 668 3685 decreta
688 3636 758 3683 cum
783 3617 1002 3684 Patriarehata
1032 3616 1177 3699 tiliciae3
1206 3635 1244 3683 ea
1265 3617 1335 3703 lege
1358 3619 1394 3683 ut

153 3723 354 3791 Patriarchae
384 3723 416 3790 in
446 3740 484 3789 ea
505 3723 581 3789 urbe
604 3721 793 3789 domicilium
817 3723 914 3801 esset,
947 3741 1027 3807 quae
1058 3723 1153 3807 capnt
1181 3721 1305 3807 imperii
1333 3723 1392 3787 eet.

152 3828 238 3896 llere
258 3828 396 3895 locorum
419 3826 570 3893 distentia
596 3826 759 3895 interiecta
788 3828 907 3893 arctam
936 3826 1184 3893 coniunctionem
1211 3826 1396 3894 extenuaret

152 3954 230 4017 uerae
251 3934 422 4001 Ammine
437 3931 545 4017 fideles
566 3930 731 4000 Βοιηαιιαο
751 3930 915 3999 Ecclesiae
935 3931 1081 4012 dcem,
1107 3928 1302 4015 prouidenter
1320 3948 1393 3996 con·

153 4038 298 4109 stitutum
322 4038 379 4118 eet,
400 4039 439 4103 ιιι
459 4035 628 4123 Delegatne
650 4035 850 4121 Apostolione
870 4036 903 4102 in
927 4035 1033 4103 eadem
1049 4036 1126 4102 urbe
1141 4037 1233 4114 esset
1255 4035 1311 4121 qni
1332 4036 1395 4101 ffl-

153 4142 237 4211 niani
264 4142 426 4211 Pontificio
454 4143 577 4226 gereret
608 4140 698 4209 vices.
751 4140 839 4224 Quae
869 4140 969 4208 Nobis
997 4139 1036 4207 ds
1067 4143 1161 4226 gente
1190 4143 1293 4208 uestra
1319 4160 1394 4206 cura

154 4246 254 4329 inerit,
278 4266 332 4315 voa
353 4245 413 4331 ipsi
435 4246 532 4313 testes
553 4245 639 4324 estis,
670 4244 794 4330 Nosque
818 4244 955 4313 uicissim
973 4248 1072 4313 testea
1093 4264 1201 4313 eumue
1222 4245 1395 4311 voluntatis

153 4370 226 4437 erga
248 4350 314 4419 lios
335 4356 466 4431 restrae,
488 4350 577 4418 cuius
599 4349 858 4435 significationem
881 4368 942 4417 non
964 4349 1061 4417 eenrel
1080 4350 1267 4435 accepimns.

254 4456 356 4541 Quare
378 4474 449 4523 cum
471 4455 565 4521 istinc
587 4454 690 4539 populi
712 4453 889 4539 ingenium,
919 4470 986 4521 moe
1007 4454 1178 4531 maiorum,
1206 4451 1308 4520 omnia
1337 4471 1393 4518 an·

157 4560 273 4629 aseae
292 4560 408 4629 aetatis
423 4559 572 4627 momoria
595 4558 760 4627 Armenios
781 4577 801 4625 a
820 4557 908 4625 rotie
928 4557 1085 4624 seiunctae
1099 4556 1138 4623 ad
1154 4557 1236 4623 tanc
1251 4554 1393 4623 ueritatis
