3184 4842
208 180 274 261 ,150
344 198 434 267 neap.
452 196 544 255 neca
564 197 649 254 xrrr.
668 198 710 252 aa
729 214 796 267 epp.
817 196 987 251 sarranice
1004 196 1055 252 eo.
1074 194 1119 249 ra.
1139 195 1219 265 cepe.
1236 193 1320 248 reae.

212 370 387 453 Responsio
409 368 528 437 Leonis
550 368 586 438 P.
610 368 647 436 P.
675 368 779 435 XIII.
807 369 851 435 od
876 369 1000 437 litteras
1025 371 1066 436 ot
1094 367 1248 451 episcopia
1275 364 1456 432 Borasaioe

565 472 617 541 die
639 478 695 540 28.
720 473 859 556 nupera
882 478 973 541 1888
993 474 1097 541 datos.

317 602 513 669 venerabiles
545 603 681 682 Fratres,
712 600 853 667 Salutem
884 606 917 667 et
950 601 1158 688 Apostolicarn
1191 599 1453 667 Benedictiouem.

212 706 289 774 cum
320 726 414 791 nuper
444 706 506 773 Vos
540 708 646 773 eadem
682 725 786 771 onmes
822 707 922 790 pietas
956 706 1098 791 idemque
1129 704 1287 789 religionis
1316 704 1455 769 stadium

211 810 341 877 Fuldam
365 811 404 877 ad
420 812 519 877 sancti
541 810 690 877 Boniiacii
706 811 881 894 sepulcrum
900 810 1080 894 perduceret
1098 810 1292 894 prosperitati
1309 808 1455 874 catholici

211 914 359 995 nominis,
385 915 490 999 reique
513 914 700 980 christianae
723 914 937 993 consulturos,
971 916 1035 981 Nos
1057 914 1181 999 quidem
1205 915 1307 979 auimo
1330 913 1368 978 ad
1394 912 1456 978 llos

212 1019 324 1087 Nostro
348 1023 379 1085 at
401 1021 590 1105 cogitatione
613 1020 797 1085 ferebamur.
845 1019 935 1085 Nunc
958 1038 1045 1097 roro,
1076 1018 1294 1084 anniuersariis
1317 1017 1456 1083 coetibus

212 1122 322 1191 vestus
343 1122 477 1189 feliciter
496 1123 637 1207 peractis,
660 1122 882 1188 iucundissima
905 1122 1058 1188 allicimur
1080 1144 1116 1189 ex
1134 1123 1259 1199 litteris,
1281 1142 1357 1205 quaa
1371 1139 1456 1186 com·

212 1229 298 1292 moui
321 1228 422 1294 officio
445 1227 482 1293 ad
508 1228 572 1293 Nos
595 1226 734 1303 dedistis,
760 1248 795 1292 ac
817 1227 938 1291 deliniri
963 1228 1156 1312 aliquantum
1180 1247 1215 1292 ex
1238 1227 1277 1291 iis
1299 1226 1456 1309 levarique

213 1330 336 1397 ridetur
358 1332 472 1397 doloris
494 1350 610 1409 seusus,
633 1350 724 1415 quem
748 1351 783 1396 er
806 1331 974 1408 Ecclesiae,
998 1331 1178 1415 pracsertim
1196 1332 1227 1395 in
1244 1330 1346 1406 ltalia,
1369 1349 1456 1394 acer-

212 1436 365 1501 bitatibus
388 1437 567 1519 conceptum
592 1435 709 1501 iamdiu
733 1436 886 1501 sustinere
908 1435 1056 1519 cogimur.
1103 1436 1165 1501 Vos
1188 1435 1350 1519 siquidem,
1374 1434 1457 1499 sicut

212 1540 273 1605 iam
299 1540 390 1623 probe
415 1540 528 1615 nostis,
560 1542 606 1609 ita
628 1540 739 1607 merito
763 1538 932 1606 Nobiscum
957 1540 1125 1624 deploratis
1157 1540 1363 1606 conditionem
1396 1538 1455 1603 mi·

212 1662 311 1709 seram
338 1644 535 1728 quotidieque
558 1644 750 1710 afflictiorem
774 1644 806 1709 in
827 1663 919 1729 quam
936 1643 1083 1709 Summus
1101 1642 1251 1721 Pontifex,
1275 1646 1344 1727 post
1363 1642 1457 1709 Urbis

212 1748 392 1831 praesertim
416 1748 672 1833 expuguationem
695 1748 872 1831 compulsus
895 1751 951 1814 est.
987 1748 1135 1831 Proptera
1157 1748 1184 1812 si
1208 1766 1341 1832 unquam
1366 1746 1456 1822 allas,

215 1853 271 1916 boc
296 1851 489 1935 potissimum
513 1854 652 1936 tempore
674 1862 878 1935 opportunum
902 1852 1025 1918 omuino
1048 1855 1095 1916 cst
1124 1852 1289 1917 consilium
1320 1851 1455 1935 proposi-

213 1958 342 2040 tumque
366 1958 521 2034 vestrum,
550 1954 664 2022 maiore
696 1956 726 2020 iu
757 1956 824 2021 dies
855 1958 967 2021 conatu
991 1955 1154 2040 studioque
1178 1955 1254 2021 eniti
1275 1956 1311 2021 ut
1334 1974 1370 2019 ea
1393 1954 1456 2019 Ro·

214 2061 315 2125 manis
337 2058 540 2126 Pontificibus
560 2060 688 2125 libertas
709 2060 911 2138 restituatur,
933 2060 1023 2143 plena
1045 2065 1138 2143 atque
1162 2060 1308 2143 integra„
1322 2078 1401 2143 quae
1425 2059 1456 2123 in

214 2164 379 2230 exercendo
402 2168 534 2249 augusto
559 2164 750 2247 maximoque
780 2183 907 2230 munere
936 2165 1013 2248 ipsis
1044 2164 1168 2230 omuino
1193 2162 1367 2229 necessaria
1396 2164 1452 2228 eat.
1569 2203 1570 2242 ι

214 2266 307 2333 Vobis
341 2268 454 2352 igitur,
492 2268 689 2333 venerabiles
721 2268 863 2344 Fratres,
898 2268 1026 2333 consilia
1053 2287 1146 2351 opera
1168 2288 1205 2332 ao
1226 2267 1331 2333 studia
1351 2270 1455 2332 restra
1569 2293 1570 2304 ι

212 2370 408 2457 gratulamur
431 2391 466 2435 ao
488 2372 564 2436 bene
585 2372 623 2436 de
644 2372 681 2437 iis
704 2372 889 2456 sperandum
918 2372 1150 2449 existimamue3
1179 2390 1274 2456 eoque
1305 2372 1406 2456 magis
1428 2370 1454 2436 si

211 2495 316 2541 omnes
340 2476 490 2560 quotquot
512 2475 639 2541 suntin
662 2476 734 2542 orbe
755 2476 929 2553 christiani,
951 2476 1089 2560 exemplo
1105 2480 1206 2541 restro
1223 2477 1362 2560 permoti,
1387 2477 1454 2559 pari

212 2578 319 2645 ardore
350 2598 386 2645 ac
415 2581 531 2663 pietate
561 2579 754 2653 studuerint,
789 2580 988 2646 sanctissima
1021 2580 1175 2646 Ecclesiae
1203 2584 1235 2645 et
1258 2579 1454 2663 Apostolicae

211 2682 298 2750 Sedis
320 2684 390 2748 iura
412 2684 576 2749 vindicare.
624 2684 811 2750 Caelestium
834 2686 952 2750 interea
975 2704 1135 2749 munerum
1159 2685 1332 2767 auspicem,
1363 2702 1453 2767 prae·

212 2788 379 2872 eipuaeque
408 2788 541 2853 Nostrae
574 2788 804 2855 benevolentiae
835 2793 945 2855 testem
970 2789 1177 2872 Apostolicam
1203 2788 1453 2855 Benedictionem

211 2890 317 2970 Vobis,
342 2892 539 2957 Venerabiles
563 2892 696 2971 Fratres,
719 2897 914 2978 peramanter
933 2893 964 2958 in
991 2894 1119 2959 Domino
1141 2893 1348 2977 impertimus.

317 3012 431 3078 Datum
453 3013 568 3079 Romae
591 3015 672 3098 apud
696 3014 845 3080 Sanctum
869 3014 995 3080 Petrum
1016 3016 1065 3079 die
1084 3016 1133 3081 12.
1151 3014 1235 3098 Sept.
1254 3016 1342 3081 Anno
1359 3015 1454 3080 1888.

213 3115 416 3182 Pontificatur
440 3116 546 3183 Nostri
573 3117 747 3186 Undecimo.

1040 3223 1103 3290 Leo
1127 3223 1165 3291 P.
1180 3222 1216 3288 P.
1243 3222 1349 3289 XIII.

255 3342 490 3409 venerabilibus
513 3342 673 3409 Fratribus
698 3344 841 3427 Philippo
862 3344 1090 3428 archiepiscopo
1113 3344 1286 3411 Coloniensi

266 3452 296 3512 et
320 3447 431 3513 octaua
453 3446 639 3513 Germaniae
659 3448 808 3533 episcopis
830 3449 883 3533 qui
908 3450 1037 3515 Fuldam
1059 3452 1277 3515 convenerunt.

314 3627 343 3688 6.
388 3620 446 3686 Die
478 3622 596 3687 lratbol.
620 3620 985 3706 Generalrersammlung
1007 3622 1062 3687 der
1084 3622 1275 3687 Katholilren
1300 3622 1457 3687 Deutscb·
1566 3579 1567 3582 Ἴ

212 3724 301 3791 lauds
323 3744 359 3789 zu
382 3724 541 3810 Freiburg
561 3729 606 3793 im
629 3726 789 3811 Breiopou
810 3730 969 3793 erneuerte
984 3746 1035 3791 am
1052 3728 1081 3791 6.
1099 3725 1279 3809 September
1296 3725 1380 3791 1888
1404 3726 1458 3791 die

211 3847 267 3893 von
295 3829 350 3895 der
379 3828 595 3897 katholischeu
620 3831 985 3916 Generelrersammlung
1007 3851 1045 3895 nu
1070 3830 1157 3896 Frier
1181 3832 1222 3895 im
1246 3828 1343 3895 Jahre
1371 3830 1456 3897 1887
1565 3849 1566 3906 1

210 3934 473 4018 ausgesprocbene
501 3932 680 4001 Resolution
711 3936 766 4001 aui
789 3935 1106 4019 Wiederberatellurrg
1135 3934 1190 4000 der
1218 3934 1458 3999 Souverainettt
1565 3931 1566 3942 ’

209 4038 264 4103 des
286 4039 415 4122 Papstes
437 4037 479 4103 im
495 4038 714 4123 patrimonium
736 4041 817 4106 Petri
842 4041 904 4106 und
928 4041 1105 4123 protestirte
1122 4038 1263 4124 augleicb
1280 4056 1380 4125 gagen
1396 4040 1456 4105 deu
1565 4037 1567 4088 ἰ

209 4141 424 4208 italieuiscban
445 4141 777 4226 Straigesetzentrruri.

211 4305 240 4364 7.
269 4300 408 4367 Adrease
421 4300 478 4365 dor
494 4298 668 4367 Schweiaar
684 4300 833 4383 Bisciriise
847 4324 876 4367 o.
893 4306 950 4367 28.
966 4299 1331 4383 Aup.1888orrdcab.
1349 4298 1455 4365 Vertar.

317 4430 382 4496 Dan
407 4429 572 4498 Riscbdien
596 4429 649 4493 der
672 4428 809 4497 Schwein
828 4430 908 4517 liegt
922 4429 973 4496 bei
988 4429 1072 4496 ihrer
1084 4428 1260 4514 jtbrlicbeu
1275 4429 1456 4496 Fersamm·

211 4532 287 4620 luug
312 4534 416 4601 niclrts
439 4554 473 4600 so
495 4532 567 4601 sobr
591 4552 639 4599 am
665 4533 804 4615 Heraea,
839 4534 887 4601 als
922 4534 984 4603 uw.
1007 4533 1182 4622 Heiligkeit
1204 4534 1264 4602 deu
1287 4534 1454 4602 dusdruclr
