3184 4842
308 217 382 275 Lilt.
400 237 468 291 epp.
489 218 657 279 Romanius
676 220 723 277 28.
742 220 818 291 Arqq.
838 221 913 277 1888
931 221 973 277 ud
991 239 1030 278 aa.
1051 220 1183 277 Patrem.
1309 204 1370 271 147

132 398 160 461 5.
194 395 335 461 niueae
357 414 423 476 epp.
448 393 625 461 Berussioe
647 395 676 460 d.
694 393 724 461 d.
748 398 806 461 28.
827 395 909 479 Aug.
935 398 1023 461 1888
1038 395 1083 460 od
1100 415 1142 463 ss.
1161 394 1287 461 Patrem
1303 416 1373 462 cam

154 500 354 581 reparamus
375 518 417 565 sa.
443 497 563 567 Patris.
601 496 753 584 (Dentscb
778 498 820 562 im
845 498 973 577 Arellio,
1001 498 1055 566 Bu.
1080 499 1131 564 ob.
1155 496 1185 564 S.
1206 500 1270 564 428
1294 499 1349 583 a).

440 670 633 739 Beatissimo
657 672 775 739 Pater!

234 808 367 875 Maximo
389 828 458 875 curn
481 808 737 877 christifidelium
758 810 873 897 gandia
889 829 969 875 anno
987 812 1126 877 voranto
1140 808 1299 877 Sacerdoti
1313 810 1373 877 'lbi

128 912 385 978 Semisaecularia
408 914 582 983 celebrasti.
629 914 699 981 Filii
723 914 782 979 Tui
807 915 941 998 nudique
965 918 1132 994 venerant,
1160 917 1196 980 nt
1218 914 1370 980 sincerum

129 1016 225 1081 animi
248 1034 383 1083 amorem
406 1016 439 1083 in
459 1016 610 1102 optimum
633 1018 769 1098 Patrem,
792 1018 1000 1085 obedientiam
1024 1018 1146 1084 fidelem
1168 1036 1244 1102 erga
1265 1036 1373 1102 supre-

129 1140 214 1185 mum
236 1120 391 1187 Ecclesiae
415 1124 669 1206 gubernatorem,
697 1122 839 1187 deuotam
863 1122 994 1189 Sanctae
1018 1122 1103 1187 Petri
1128 1122 1317 1201 Cathedrae,
1340 1123 1373 1187 in

129 1242 191 1308 qua
213 1226 280 1291 orbi
302 1226 456 1291 catholico
478 1226 648 1310 praesides,
672 1228 897 1292 venerationem
921 1227 1101 1292 solemniter
1121 1226 1315 1292 declararent
1337 1246 1373 1292 ac

127 1333 328 1398 testarentur.
375 1328 435 1396 Sed
458 1330 637 1397 admirabili
658 1331 843 1397 laetantium
868 1334 1031 1397 concentui
1061 1332 1181 1415 piisque
1209 1332 1372 1417 gratulan-

127 1434 207 1499 tum
232 1434 357 1501 rotinus
379 1435 577 1501 trrsnsumae
600 1455 668 1502 mor
687 1454 754 1501 sae
775 1436 964 1501 masuerum
987 1435 1219 1501 sometimes.
1256 1434 1374 1500 rouro
1514 1450 1517 1455 ·
1557 1417 1559 1420 ’

128 1538 213 1603 enim
235 1556 314 1621 quae
338 1556 357 1603 a
378 1539 527 1623 gubernio
550 1540 711 1623 subalpina
733 1540 819 1623 leges
842 1541 1039 1623 pararentur,
1070 1539 1137 1604 deri
1170 1558 1228 1604 non
1260 1540 1372 1623 potuit,
1474 1619 1475 1622 Ἴ
1570 1609 1572 1640 ,

127 1641 205 1725 quin
227 1642 331 1708 dolore
353 1642 500 1727 luctuque
522 1644 791 1710 vehementissime
815 1647 1080 1709 commorerentur
1102 1644 1207 1723 animi,
1234 1642 1288 1728 qni
1309 1644 1370 1708 ini·

125 1738 266 1831 quitates
287 1746 320 1813 in
337 1746 379 1813 Te
396 1746 557 1831 Tuamque
576 1748 794 1814 anctoritatem
812 1748 944 1813 marimo
960 1748 1095 1813 intentas
1112 1748 1172 1832 ipsi
1189 1748 1371 1833 gravissime

125 1850 270 1916 sentiunt
292 1853 324 1916 et
345 1838 464 1930 ierunt,
487 1854 580 1937 atque
602 1870 638 1919 er
661 1850 738 1917 Tuis
760 1852 928 1937 angoribus
950 1871 1107 1918 summum
1130 1870 1297 1917 moerorem
1321 1871 1372 1917 ca·

124 1955 228 2039 piant.
264 1952 351 2021 Sicut
372 1956 471 2040 igitur
493 1975 573 2023 anno
595 1956 721 2022 ineunte
743 1956 964 2041 gratulabundi
989 1958 1027 2021 ad
1051 1956 1096 2021 Te
1118 1957 1268 2033 verrimus,
1293 1956 1371 2021 Bea-

124 2058 249 2123 tissime
274 2058 383 2135 Pater.
414 2059 461 2125 ita
488 2079 585 2144 neque
609 2080 688 2126 nnnc
711 2079 872 2145 possumus
893 2062 1043 2137 reticere,
1072 2079 1150 2145 quaa
1178 2064 1373 2144 quantaeque
1476 2101 1479 2104 ,
1570 2031 1571 2096 i

123 2182 183 2229 nos
208 2181 299 2228 curae
321 2166 473 2247 premant,
496 2166 582 2229 noris
605 2165 706 2231 subito
726 2163 796 2231 Tibi
820 2164 1055 2229 imminentibus
1078 2163 1233 2247 periculis.

233 2266 388 2333 Ecclesiae
411 2268 492 2334 enim
516 2268 683 2335 adversarii
707 2287 765 2333 non
790 2270 944 2348 contenti,
976 2269 1125 2353 eripuisse
1144 2268 1276 2335 Sanctae
1298 2266 1371 2333 Sedi

123 2370 352 2455 patrimonium
376 2372 480 2449 Petri,
511 2372 691 2439 diminuisse
720 2374 750 2438 in
778 2374 843 2440 dies
867 2391 963 2457 panca
984 2373 1040 2439 illa
1060 2373 1118 2457 ipsi
1141 2372 1243 2437 adhuc
1264 2372 1374 2437 relicta

124 2476 264 2560 fideiqne
284 2476 424 2558 publicae
447 2478 612 2543 commissa
633 2478 711 2555 iura,
736 2477 812 2544 adeo
828 2482 863 2543 ut
878 2478 1020 2544 omnibus
1036 2497 1132 2561 paene
1146 2478 1249 2543 omnia
1264 2478 1372 2541 contra

123 2580 246 2646 Christi
271 2580 428 2647 Vicariurn
457 2580 551 2648 licere
574 2580 766 2659 riderentur,
799 2582 956 2647 inauditas
984 2581 1047 2646 iam
1078 2582 1293 2665 excogitarunt
1316 2599 1368 2644 ra·
1414 2614 1417 2619 -

121 2685 228 2749 tiones
251 2684 406 2751 Ecclesiae
428 2685 584 2751 libertatis
607 2688 730 2770 penitus
753 2686 977 2769 opprimendae.
1032 2686 1114 2751 Nam
1142 2685 1173 2749 id
1201 2684 1308 2768 agitur
1336 2686 1371 2748 ιιι

121 2787 225 2853 codici
249 2787 297 2852 illi
319 2789 450 2871 manati,
474 2790 561 2855 obius
584 2790 820 2855 constitutiones
844 2808 940 2873 nuper
961 2789 1202 2873 legumlatorum
1226 2788 1372 2853 italorum

121 2890 262 2959 examini
284 2892 441 2977 subjectae
462 2895 545 2969 sunt,
568 2893 647 2960 talia
664 2893 841 2959 inserantur
861 2893 985 2959 decreta
1010 2892 1163 2960 Ecclesiae
1186 2892 1325 2958 libertati
1340 2894 1372 2958 et

121 2996 241 3063 Sacrae
266 2994 354 3063 Sedis
377 2996 496 3063 iuribus
518 2998 648 3079 intensa,
671 3000 707 3064 ut
726 3018 786 3083 quo
807 2998 876 3063 Tibi
899 3001 932 3064 et
952 2998 1076 3082 pietatis
1092 3000 1124 3064 et
1140 2996 1233 3063 officii
1249 2996 1369 3062 vinculo

121 3100 271 3169 obstricti
295 3120 411 3180 snmus,
433 3102 472 3168 de
491 3103 569 3170 Tuis
584 3108 617 3168 et
631 3102 669 3167 de
683 3105 801 3169 nodata
815 3103 937 3169 iniuriis
954 3103 1040 3169 nobis
1056 3103 1099 3169 sit
1113 3101 1368 3185 conquerendum.
1473 3160 1475 3165 s
1496 3171 1498 3174 ,

235 3202 280 3269 De
304 3205 383 3271 Tuis
405 3206 537 3272 dicimus
558 3206 690 3272 iniuriis.
739 3206 804 3271 »lla
831 3206 911 3271 enim
944 3207 1048 3290 legum
1080 3206 1220 3290 capita,‹
1255 3206 1290 3271 nt
1324 3204 1370 3270 'ln

120 3306 212 3393 ipse,
249 3308 340 3374 Pater
367 3309 565 3387 Beatissimo,
599 3310 714 3375 diserte
745 3310 932 3393 exposuisti,
969 3310 1101 3376 »Italiae
1131 3310 1247 3374 clerum
1278 3309 1373 3386 recta,

119 3412 252 3496 oblique
286 3432 357 3478 varo
389 3412 706 3499 sedisapostolicae
740 3414 809 3479 iura
841 3416 1013 3499 attingunt.
1058 3414 1122 3480 Sub
1145 3413 1246 3498 specie
1269 3412 1372 3498 probi·

119 3516 296 3581 bandorum
335 3518 521 3597 criminum,
567 3538 645 3603 quae
689 3519 823 3585 maxime
866 3538 886 3584 a
925 3519 1064 3603 potentia
1101 3518 1175 3585 cleri
1212 3518 1373 3583 imminere

119 3620 291 3699 dicuntur,
325 3623 508 3707 gravissime
540 3623 573 3688 in
607 3624 782 3691 sacerdotes
810 3622 1083 3701 animadvertitur,
1117 3623 1143 3688 si
1168 3621 1242 3706 quid
1265 3625 1374 3689 contra

118 3726 224 3811 leges,
247 3729 355 3793 contra
378 3726 523 3793 instituta
546 3727 651 3792 ciuilia
674 3727 722 3791 rel
746 3727 886 3812 publicae
909 3730 1074 3812 potestatis
1096 3729 1182 3806 acta,
1206 3727 1253 3791 rel
1277 3726 1372 3792 etiarn

119 3830 239 3897 contra
267 3830 529 3914 tranquillitatem
560 3830 760 3897 domesticam
786 3816 890 3897 remre
913 3832 1094 3916 cuiusquam
1116 3830 1303 3895 familiarem
1327 3830 1375 3895 se·

116 3936 207 4000 cisse
236 3933 284 3997 rel
308 3934 440 4000 suasisse
462 3936 705 4002 convincuntur«
740 3936 810 4018 (cir.
835 3934 968 4001 allocut.
991 3935 1023 4001 in
1045 3934 1179 4002 Consist.
1205 3935 1276 4002 bab.
1300 3934 1371 3999 Kal.

119 4039 197 4105 Iun.
221 4038 327 4121 1888).
373 4042 474 4123 Atque
496 4058 556 4125 quo
580 4039 658 4105 nibil
679 4058 697 4104 a
717 4040 841 4124 legibus
864 4039 998 4105 terendis
1020 4040 1121 4121 magis
1147 4038 1283 4104 alienum
1307 4056 1374 4104 esse

113 4142 240 4221 debet,
262 4141 479 4208 acerbissimae
501 4145 682 4209 statuuntur
705 4143 842 4209 mulctae
864 4143 1057 4227 vinculaque,
1079 4162 1135 4208 nec
1157 4142 1226 4226 ipsa
1248 4141 1372 4218 delicta,

114 4248 153 4313 in
184 4263 261 4328 quae
280 4264 395 4330 poenae
418 4247 567 4325 lemntur,
592 4247 675 4313 clare
699 4248 888 4313 definiuntur
909 4249 1002 4332 atque
1022 4250 1165 4312 accurate
1182 4245 1376 4311 circumscri-

114 4350 262 4428 buntur,
285 4348 339 4415 sed
365 4350 471 4436 »ragis
496 4350 621 4416 vocibus
643 4352 855 4435 latissimeque
878 4352 1057 4435 patentibus
1078 4350 1271 4433 proceditur,
1296 4348 1376 4414 nibil

115 4458 160 4523 nt
194 4472 253 4519 non
284 4454 396 4522 andere
418 4454 643 4539 interpretandi
665 4454 762 4521 libido
784 4458 897 4539 queat«
932 4455 1001 4537 (etr.
1025 4454 1162 4519 Allocut.
1185 4453 1216 4517 iu
1241 4451 1374 4518 Constat.

113 4558 202 4627 naa.
223 4557 294 4625 mr.
316 4558 384 4627 nu.
409 4560 517 4645 1888).

1202 4658 1269 4725 lo*
