3184 4842
194 187 256 255 132
421 202 554 261 Decreta
574 202 858 277 Conprepcttomrm
878 203 1009 273 apostol.
1024 200 1219 272 1887÷l888.

194 397 260 445 ram
283 395 335 444 eas
358 374 545 443 concedendi
567 376 779 457 relaxationes,
803 396 883 463 quae
904 396 959 460 pro
981 375 1223 443 circumstantiis
1239 374 1388 461 temporis
1401 394 1438 441 sc

192 483 252 565 loci
271 484 459 567 opportunae
483 483 515 548 et
538 482 728 549 necessariae
751 500 817 547 esse
839 480 1033 549 ridebantur.
1073 481 1133 547 Pro
1155 500 1217 565 qun
1238 480 1344 566 gratis
1365 498 1438 565 gra·

191 588 253 653 tias
275 586 426 653 maximas
448 590 523 671 aget
541 604 586 666 ca,
612 604 690 671 quae
714 604 769 670 par
791 588 840 653 est
859 586 1031 652 reverentia
1045 586 1079 651 et
1094 584 1255 652 deuotione
1269 583 1438 651 Sanctitati

196 691 326 757 Vestrae
346 692 404 757 etc.

297 796 412 881 Vigore
434 793 617 879 specialium
638 795 825 861 facultatum
847 814 867 861 a
885 792 982 861 SSmo
998 794 1067 860 Dno
1083 794 1196 861 Nostro
1211 810 1436 867 concessarum,

193 899 288 966 Sacra
316 898 524 984 congregatio
557 898 701 965 limorum
732 918 768 964 ac
795 900 943 966 limorum
965 896 997 967 8.
1022 897 1351 967 auenniensem
1375 896 1439 963 Ne·

194 1004 288 1090 gotiis
310 1006 342 1069 et
366 1002 651 1069 Consultationibus
673 1003 892 1087 llpiscoporum
908 1008 941 1069 et
957 1003 1158 1087 Regularium
1180 1002 1366 1086 praeposita,
1388 1002 1437 1066 at·

192 1108 289 1174 tentis
311 1106 520 1192 peculiaribus
543 1107 787 1175 circumstantiis
810 1107 978 1191 expositis,
1008 1106 1197 1173 necessarias
1219 1107 1252 1172 et
1273 1108 1440 1192 oportunae

193 1212 361 1278 facultates
385 1212 517 1297 benigue
540 1210 654 1277 tribuit
677 1210 915 1296 archiepiscopo
935 1211 1086 1296 Pragensi
1114 1210 1238 1277 Oratori
1268 1209 1307 1276 ad
1339 1210 1437 1275 trien·

194 1314 280 1382 nium
315 1316 496 1397 duraturas,
530 1316 557 1381 si
591 1316 711 1381 amrin
744 1315 853 1382 eadem
884 1315 1033 1382 adiuncta
1063 1315 1319 1401 perduraverint,
1348 1334 1440 1398 super

195 1420 374 1505 praemissis
393 1418 586 1505 providendi,
617 1421 709 1505 prout
730 1420 832 1505 magis
853 1421 886 1484 in
907 1420 1038 1486 Domino
1060 1420 1225 1504 expediens
1243 1418 1438 1495 iudicaverit

197 1524 393 1610 praescriptis
414 1524 595 1609 opportunis
613 1524 757 1590 castellis
779 1544 817 1591 ne
840 1522 921 1608 quod
943 1524 1162 1590 inconveniens
1190 1523 1322 1602 edatur,
1355 1523 1441 1589 iacta
1563 1547 1564 1556 ¹

195 1630 227 1696 in
257 1630 389 1716 singulis
420 1628 545 1696 casibus
570 1647 712 1713 expressa
740 1628 895 1696 mentione
925 1629 1097 1712 praesentis
1128 1628 1325 1713 spostolicae
1354 1627 1440 1693 dele-
1563 1631 1564 1706 l

195 1734 340 1819 gationis.
381 1732 553 1801 Contrariis
574 1733 808 1819 quibuscunque
829 1750 891 1799 non
913 1732 1119 1801 obstantibus.

299 1856 414 1923 Romae
437 1855 487 1921 lt.
513 1854 691 1921 Decembris
716 1854 812 1921 1887.

661 1976 696 2045 J.
721 1976 819 2045 Garri.
843 1975 1005 2057 Mcesotta',
1029 1976 1130 2043 Praei.

300 2082 348 2167 (b.
372 2080 491 2167 sigilli)
663 2080 721 2147 Ft.
743 2080 896 2167 Aloysius
912 2080 1004 2165 epae
1021 2080 1216 2161 Callinicus..
1237 2078 1440 2149 Secreturins.

196 2255 228 2317 2.
256 2248 352 2332 Resp.
368 2268 394 2315 s.
412 2246 525 2333 Gener.
543 2244 603 2328 Off.
618 2246 671 2313 cc.
689 2251 720 2313 3.
737 2245 831 2313 Febr.
851 2250 939 2313 1887
954 2247 1043 2313 circo
1055 2246 1268 2331 impotentium
1281 2244 1442 2313 mulieres

299 2376 357 2459 Qu.
388 2376 491 2443 »Num
514 2376 635 2455 mulier,
657 2394 712 2461 per
734 2376 895 2462 utriusque
918 2375 1015 2442 orarii
1038 2375 1132 2443 excisi
1152 2374 1308 2441 deiectum
1323 2374 1444 2440 sterilis

196 2482 315 2562 effecta,
344 2481 384 2547 ad
407 2480 640 2547 matrimonium
660 2479 829 2547 ineundum
853 2480 992 2565 permitti
1015 2482 1119 2546 valeat
1138 2498 1175 2546 nc
1196 2478 1290 2545 liceat
1312 2498 1441 2545 necue.‹

195 2586 232 2653 R.
256 2586 285 2652 d.
310 2586 340 2653 3.
365 2585 453 2652 Febr.
487 2585 588 2651 1887:
621 2584 685 2650 »Re
715 2586 839 2651 mature
866 2585 979 2669 diuque
1008 2603 1174 2669 perpensa¹
1206 2584 1444 2650 matrimonium
1563 2673 1564 2676 Ἴ

193 2690 341 2769 mulieris,
366 2689 403 2756 de
424 2708 484 2775 quo
506 2689 539 2755 iu
561 2708 643 2770 casu,
667 2709 727 2756 non
749 2708 816 2756 esse
838 2689 1101 2773 impediendum.‹

413 2851 444 2915 3.
489 2846 691 2931 Rescriptum
712 2868 738 2915 o.
763 2846 1220 2932 Corsprep.1adalpeatlarum.

194 2976 288 3045 Quoad
300 2975 460 3034 sodalitates
472 2976 523 3034 snb
537 2976 584 3033 tit.
595 2980 624 3034 et
635 2977 751 3035 inrccat.
767 2976 799 3031 B.
809 2978 842 3033 V.
853 2976 956 3033 Hamae
968 2976 1002 3033 de
1010 2978 1140 3049 perpetuo
1148 2990 1276 3031 succum
1286 2972 1447 3045 sugenda.

300 3090 485 3159 Rectissime
509 3092 622 3158 Pater!
666 3092 816 3157 Nicolaus
836 3090 976 3168 Macron,
1004 3089 1117 3175 congr.
1151 3088 1249 3155 semu
1282 3086 1445 3171 Redemp-

195 3195 272 3262 toris
291 3194 436 3280 Superior
450 3194 611 3262 Generalis
625 3196 658 3261 et
674 3194 784 3263 Rector
800 3194 909 3273 Maior,
933 3195 973 3260 ad
995 3194 1088 3278 pedes
1110 3192 1294 3259 Sanctitatis
1310 3191 1449 3257 Vestrae
1563 3177 1564 3180 '

197 3301 385 3385 provolutus,
409 3299 585 3367 humillime
607 3300 732 3383 exponit
755 3318 836 3383 quae
857 3301 1047 3383 sequuntur:

300 3405 362 3471 rer
386 3404 554 3471 Decretum
577 3406 628 3473 aa.
653 3404 731 3469 narr
754 3404 837 3470 reru
860 3404 930 3469 amr
954 3402 1129 3469 carcanus
1151 3402 1185 3466 in
1206 3400 1289 3468 urse
1311 3400 1451 3479 viaet,
1563 3379 1564 3386 ‘

196 3510 341 3577 canonice
364 3509 512 3576 instituta
543 3509 592 3575 est
624 3509 657 3574 iu
681 3508 821 3574 Ecclesia
843 3506 956 3592 Congu.
979 3510 1102 3574 neuras
1125 3507 1165 3574 ad
1187 3505 1222 3573 si
1246 3505 1450 3590 alphonsum
1563 3509 1564 3512 ’

198 3612 241 3682 Μ.
265 3614 303 3680 de
326 3613 450 3699 bigorio
472 3614 531 3680 Pia
553 3613 632 3679 Unio
655 3614 712 3678 sub
735 3612 831 3679 titulo
853 3613 886 3677 et
907 3612 1100 3678 invocatione
1124 3612 1161 3680 Β.
1183 3611 1220 3677 V.
1253 3609 1374 3677 Mariae
1406 3612 1455 3677 dc

198 3718 351 3803 Perpetuo
373 3718 533 3787 aeman
554 3719 587 3783 et
607 3717 640 3785 8.
665 3716 832 3800 Αῑρὴοπεί.
865 3716 952 3782 Haec
973 3716 1081 3781 eadem
1105 3716 1164 3781 Pia
1184 3714 1273 3795 Unio,
1296 3733 1351 3798 per
1373 3712 1454 3781 Lit-

195 3826 279 3890 teras
302 3823 499 3907 apostolicas
520 3822 553 3887 in
573 3821 673 3887 forma
698 3820 807 3887 Brevis
830 3820 892 3886 diei
913 3822 965 3887 31.
982 3820 1092 3888 Martii
1111 3820 1195 3885 1878
1218 3839 1237 3885 a
1258 3817 1457 3885 sanctitatis

198 3927 327 3994 Vestrae
351 3926 588 3993 Pracdccessore
617 3926 672 3991 Pio
696 3924 750 3991 [K
775 3925 827 3991 iel.
850 3944 910 3992 rec.
934 3923 974 3991 ad
997 3924 1271 3991 Archisodalitutis
1296 3924 1456 3993 bonorem

196 4032 304 4098 evecta
322 4034 371 4097 est
393 4050 463 4096 cum
485 4030 627 4097 omnibus
648 4033 681 4097 et
701 4029 835 4114 singulis
862 4028 982 4096 iuribus
1004 4032 1038 4096 et
1058 4027 1264 4096 facultatibus
1285 4028 1389 4095 solitis
1417 4037 1459 4101 et

196 4136 368 4213 consuetis;
391 4136 485 4220 atque
507 4135 546 4201 ad
569 4154 637 4201 eam
659 4134 838 4219 regendam,
862 4152 918 4199 seu
941 4133 1116 4202 Moderator
1138 4131 1304 4219 generalis,
1326 4138 1459 4205 consti·

197 4244 285 4308 tutus
315 4242 363 4308 est
390 4238 535 4324 Superior
564 4238 725 4307 Generalis
751 4241 784 4305 et
811 4239 925 4305 Rector
956 4238 1058 4306 Maior
1090 4258 1145 4323 pro
1168 4240 1307 4323 tempore
1328 4235 1458 4328 Gongr,

196 4344 294 4411 semi.
319 4343 542 4429 Redemptoris.

300 4447 370 4515 Non
392 4467 462 4517 raro
485 4450 590 4515 autem
613 4445 728 4513 accidit
751 4448 787 4512 ut
808 4444 947 4513 eiusdem
976 4446 1110 4512 nominis
1140 4448 1173 4513 et
1200 4448 1290 4514 tituli
1320 4445 1460 4519 Sodali·

196 4552 280 4619 tates
300 4552 462 4638 erigantur
484 4573 503 4619 a
522 4552 620 4619 Ruris.
642 4552 781 4619 locorum
801 4550 984 4630 Ordinante,
1004 4549 1035 4616 ri
1054 4552 1215 4617 facultatis
1229 4552 1294 4617 illis
1308 4550 1461 4626 collatae
1563 4635 1564 4638 Ἴ
